3194 4900
660 877 905 990 VITA.

232 1369 233 1374 ἵ
281 1339 412 1453 Natus
442 1408 515 1453 sum
536 1388 749 1455 Hermannus
774 1388 901 1474 Goguel
937 1389 989 1455 die
1011 1387 1085 1454 XV.
1115 1410 1157 1456 m.
1180 1387 1264 1474 Sept.
1289 1390 1368 1454 anni

191 1511 392 1577 MDCOOLV
414 1513 668 1598 Langenbielau‚
691 1515 728 1578 in
750 1535 833 1600 pago
857 1515 976 1581 incolis
999 1515 1262 1600 frequentissimo
1286 1515 1368 1580 Sile-

193 1641 267 1703 siae.
313 1638 405 1703 Fidei
428 1641 578 1705 addictus
602 1640 808 1724 evangelicae
831 1640 871 1705 ab
907 1659 993 1704 anno
1015 1622 1139 1702 LXVI
1159 1640 1368 1724 gymnasium

191 1763 407 1829 Suidnicense
429 1784 488 1849 per
510 1740 654 1830 lustrum
676 1770 708 1830 et
731 1785 791 1830 sex
814 1781 944 1832 menses
960 1765 1177 1848 frequentavi,
1200 1765 1318 1829 deinde
1334 1769 1366 1828 et

192 1889 258 1954 duo
287 1893 458 1972 gymnasia
480 1891 750 1956 Vratislaviensia
777 1897 809 1956 et
839 1911 948 1956 unum
970 1890 1184 1956 Berolinense
1212 1909 1269 1975 per
1301 1891 1368 1954 sin-

190 2017 286 2098 gulos
310 2036 423 2081 annos.
469 2016 667 2082 Maturitatis
690 2018 881 2083 testimonio
905 2009 1097 2081 exstructus
1121 2019 1210 2080 etin
1232 2018 1367 2081 univer-

193 2142 287 2206 sitate
308 2140 446 2207 Halensi
469 2143 696 2227 theologorum
719 2144 830 2208 ordini
854 2144 1038 2228 adscriptus
1060 2162 1118 2228 per
1146 2161 1205 2207 sex
1234 2160 1365 2207 menses

191 2270 306 2334 audivi
328 2290 380 2334 vr.
397 2271 448 2335 dd.
471 2269 655 2354 Beqschluq,
678 2269 818 2354 Brieqer,
842 2269 987 2336 Kochler.
1019 2267 1146 2335 Deinde
1168 2271 1205 2332 in
1227 2270 1363 2333 univer·

192 2394 285 2460 sitate
299 2394 459 2460 Viadrina
482 2397 600 2461 studiis
623 2396 830 2481 philologieis
857 2417 988 2483 operam
1011 2396 1085 2461 dodi
1100 2415 1158 2480 per
1174 2396 1362 2479 quinquen-

190 2521 285 2584 nium
313 2522 506 2606 scholasque
537 2523 650 2587 audivi
678 2523 894 2612 philologicos
917 2544 969 2587 vv.
994 2524 1046 2589 dd.
1069 2521 1174 2601 Hertz,
1198 2521 1360 2599 Mwmh,

189 2641 426 2725 Reifferscheid,
454 2646 626 2726 Romboola,
660 2647 838 2732 Weiuhold,
867 2649 1038 2713 historicas
1067 2652 1099 2713 et
1130 2649 1365 2731 geographicas

190 2789 243 2831 vv.
267 2770 319 2834 dd.
342 2769 526 2850 Naaman,
559 2771 708 2852 Portsch,
742 2774 982 2858 philosophicas
1011 2792 1041 2835 v,
1069 2773 1098 2836 d.
1127 2768 1263 2856 Diltheq.
1310 2769 1365 2834 Ad

192 2895 441 2960 exercitationes
465 2897 726 2983 archaeologioas
750 2920 780 2962 v.
805 2899 834 2962 d.
857 2896 1016 2964 Rossbach
1037 2915 1089 2961 me
1113 2897 1252 2961 admisit.

282 3017 410 3096 Quibus
432 3021 513 3085 viris
538 3022 657 3106 optime
681 3024 720 3089 de
743 3042 795 3088 me
818 3022 942 3088 meritis
965 3023 1124 3088 maximas
1140 3023 1260 3106 gratias
1273 3039 1365 3085 nuno

192 3163 252 3228 ago
276 3163 468 3230 semperque
490 3146 625 3212 habebo.
