3194 4900
757 258 797 316 23

185 470 230 530 cf.
254 470 339 529 Hom.
362 487 380 546 γ
404 473 545 543 412-5,
570 472 647 547 439,
670 471 745 543 442,
769 464 786 528 δ
813 471 874 530 187
901 485 944 546 sq.
990 466 1070 544 Ergo
1089 465 1206 540 Nestor,
1229 469 1368 546 quonium

190 594 248 638 sex
269 575 329 642 filii
348 575 558 653 relinquuntur
581 592 640 634 uno
662 573 788 648 amisse,
820 568 913 644 ἄπαις
935 574 996 634 dici
1018 592 1078 635 non
1100 578 1204 654 potest.
1250 573 1313 634 Iam
1334 579 1368 635 ut

186 701 310 744 omnem
333 682 545 743 dubitationem
567 698 765 766 amoveamus
798 680 963 742 accuratius
987 681 1024 741 de
1047 681 1188 742 vocabulo
1211 675 1301 754 ἄπαις
1323 682 1368 740 in·

191 789 353 867 quiremus.
377 787 540 848 Audiamus
555 788 592 848 H.
605 788 788 866 Stephanum
801 786 1016 866 explicantem:
1040 789 1114 867 ,sine
1128 788 1241 864 liberis,
1264 788 1372 852 liberis

186 915 304 972 carens,
327 897 375 957 cui
397 896 542 956 1111111111
563 896 671 975 proles.
716 895 833 956 Dicitur
854 899 954 956 autem
983 899 1044 956 tam
1067 897 1104 957 de
1127 897 1166 956 iis
1193 896 1246 974 qui
1268 896 1367 956 nullos

192 1021 324 1082 unquam
346 1004 512 1063 habuerrmt
535 1021 623 1080 quam
647 1001 700 1081 qui
722 999 903 1063 amiserunt.
934 1003 1033 1080 Atque
1055 1003 1109 1062 ille
1131 1003 1367 1081 lexicographus,

189 1112 251 1171 nisi
272 1111 367 1186 fallor,
390 1110 434 1171 sic
456 1109 593 1187 intellegi
615 1109 693 1170 vult:
731 1110 792 1188 ,qui
820 1127 945 1171 omnes
973 1129 1048 1189 quos
1071 1111 1236 1183 habuerant
1257 1111 1368 1171 liberos

184 1217 372 1282 amiserunt.
422 1216 597 1295 Euripidem
628 1217 686 1277 hae
719 1217 835 1278 ratione
868 1217 1020 1277 vocabulis
1055 1211 1146 1291 ἄπαις
1179 1222 1211 1278 et
1243 1211 1368 1287 ἄτεκνος

191 1343 280 1385 usum
303 1342 371 1385 esse
393 1324 530 1385 omnibus
554 1323 700 1384 eiusmodi
721 1323 795 1384 locis
824 1323 1002 1384 examinatis
1029 1323 1146 1399 inveni,
1175 1324 1329 1402 paululum
1350 1342 1368 1382 a

190 1450 261 1492 rero
284 1431 324 1490 ita
346 1431 495 1505 recedere,
518 1434 552 1490 ut
573 1447 609 1490 ea
631 1447 758 1509 persone
780 1431 852 1508 ipsa,
877 1449 952 1508 quae
975 1430 1143 1509 complures
1166 1431 1277 1492 liberos
1293 1431 1368 1492 ami·

191 1539 273 1619 serit,
296 1556 412 1599 summo
434 1538 535 1599 dolore
557 1539 670 1614 affecta,
693 1538 726 1598 in
749 1541 874 1615 questus
896 1538 1094 1616 lacrimasque
1116 1539 1219 1612 effusa,
1241 1539 1368 1598 amissos

190 1649 252 1706 toto
278 1645 378 1704 animo
406 1644 561 1722 complexa
588 1643 679 1704 unius
712 1644 768 1703 filii
801 1644 899 1705 relicti
935 1643 998 1723 (aut
1020 1645 1110 1705 unius
1132 1644 1212 1705 filiae
1235 1643 1367 1722 relictae)

190 1753 380 1814 obliviscatur
402 1752 502 1829 itaque
525 1745 646 1827 ἄπαιδα,
664 1768 698 1812 se
721 1751 806 1812 dicat.
854 1751 905 1813 Sic
932 1752 1069 1829 Hecuba,
1098 1770 1167 1812 cum
1194 1749 1229 1812 in
1257 1770 1292 1812 eo
1322 1757 1369 1812 est

190 1865 225 1919 ut
252 1859 406 1934 Polyxena
435 1859 568 1938 orbetur,
595 1858 737 1934 Polydori
765 1859 856 1919 oblita
884 1858 968 1918 illam
997 1859 1145 1920 obsecrat:
1181 1859 1263 1938 (Heu
1289 1859 1367 1936 440)

186 1965 233 2049 μὴ
256 1961 349 2046 λίπῃς
371 1956 405 2048 μ’
431 1956 547 2027 ἄπαιδ’.
593 1964 759 2025 Cassandra
781 1967 863 2025 enim
885 1965 972 2026 etin
992 1966 1117 2026 Hecuba
1139 1966 1225 2026 etin
1248 1964 1367 2026 Troadi-

188 2073 255 2148 bus,
279 2089 457 2150 quamquam
478 2072 561 2148 vivit,
583 2072 616 2130 in
638 2073 815 2132 amissorum
837 2073 999 2133 liberorum
1014 2091 1147 2148 numero,
1163 2090 1238 2132 cum
1260 2072 1368 2150 paelex

190 2180 424 2257 Agamemnonis
447 2179 495 2259 sit,
517 2179 554 2238 ab
577 2179 699 2240 Hecuba
721 2184 752 2239 et
773 2180 842 2240 aliis
864 2179 999 2240 habebar.

282 2287 359 2347 Satis
386 2283 465 2347 bene
488 2286 645 2347 Theonoae
674 2286 821 2348 orationes
846 2283 977 2346 falsariis
1005 2287 1187 2347 restiterunt
1233 2286 1369 2346 Primum

190 2394 374 2470 Harumgius
389 2393 496 2472 prioris
505 2393 646 2454 orationis
657 2393 831 2469 clausulam,
854 2414 881 2453 v.
896 2397 959 2456 892
974 2413 1027 2472 sq,
1050 2393 1125 2473 (lph.
1137 2394 1205 2454 Aul
1217 2414 1246 2473 p.
1256 2397 1298 2456 42
1312 2393 1367 2473 sq.)

186 2501 316 2576 delevit,
351 2501 388 2560 cl.
411 2501 502 2560 etiam
523 2499 731 2564 Wilamowitz.
753 2519 801 2560 an.
823 2499 858 2560 Ε.
880 2520 909 2579 p.
935 2503 1007 2562 243.
1053 2499 1187 2561 Alteram
1208 2501 1368 2578 interpola-

191 2608 304 2668 tionem
325 2607 551 2684 Dingelstadius
567 2606 592 2686 1)
616 2627 644 2686 p.
662 2611 703 2670 54
727 2607 847 2668 notarit
884 2607 943 2682 Qui
963 2625 1105 2668 versuum
1126 2611 1192 2670 880
1213 2625 1256 2687 sq.
1279 2609 1368 2669 verba

187 2709 212 2800 ἤ
236 2733 285 2776 σοι
308 2712 458 2798 δυσμενὴς
481 2712 631 2797 πάροιθεν
653 2709 702 2800 ἦν,
725 2721 777 2779 νῦν
801 2712 878 2776 ἐστιν
902 2720 932 2776 11
954 2709 1007 2777 καί
1030 2715 1110 2794 quod
1132 2720 1230 2776 exstat
1248 2717 1281 2776 in
1303 2711 1369 2788 κείς

190 2822 334 2900 proscribi
356 2824 447 2897 iubet,
469 2827 504 2882 ut
525 2823 599 2884 haee
621 2827 736 2883 tanturn
759 2823 983 2901 relinquantur:

417 2921 505 3010 Ἥρα
526 2921 582 3012 μὲν
605 2921 709 3000 εὔνους
731 2923 773 3003 εἰς
795 2930 912 3010 πάτραν
935 2938 1034 3011 σῷσαι
1054 2923 1142 2990 θέλει

188 3036 230 3096 de
253 3055 311 3114 qua
333 3055 366 3096 re
391 3037 435 3097 sie
456 3041 694 3114 argumentatur:
720 3055 875 3116 ‚nusquam
898 3037 980 3098 enim
1002 3038 1035 3097 in
1055 3039 1111 3098 hac
1125 3036 1276 3114 tragoedia
1293 3036 1368 3098 Iuno

190 3143 328 3204 Menelao
350 3144 458 3204 infesta
480 3144 659 3222 perhibetur,
684 3146 737 3206 sed
759 3146 796 3205 ab
817 3145 904 3206 initio
918 3146 1050 3223 partibus
1065 3146 1132 3206 eius
1146 3146 1242 3207 fevet‘.
1276 3145 1368 3205 Recte

191 3251 268 3312 illud
291 3252 427 3330 quidem,
450 3253 544 3313 multo
567 3257 666 3313 autem
688 3253 811 3329 gratim
833 3258 892 3329 est,
922 3253 1001 3331 quod
1022 3253 1098 3314 illud
1121 3253 1246 3313 Iunonis
1268 3253 1370 3312 odium

189 3376 210 3417 a
232 3362 292 3418 toto
314 3359 370 3418 hoc
392 3358 456 3418 loco
478 3359 610 3420 alienum
632 3364 687 3419 est.
732 3359 791 3419 Hic
814 3360 894 3420 enim
917 3378 978 3420 non
1006 3379 1064 3438 quo
1091 3360 1190 3421 animo
1219 3376 1301 3419 nunc
1329 3359 1369 3418 sit

190 3470 223 3525 et
246 3482 304 3543 quo
327 3469 416 3525 antea
438 3465 544 3525 eadem
566 3483 639 3543 erga
661 3484 731 3526 eum
754 3467 844 3526 fuerit
866 3467 1037 3545 opponitur,
1067 3467 1120 3527 sed
1142 3466 1216 3527 Iuno
1243 3465 1369 3544 propitia

192 3571 319 3632 infestae
341 3571 469 3652 Veneri,
498 3590 624 3649 quarum
645 3573 740 3633 altera
762 3577 797 3633 ut
819 3578 952 3634 sonaret
973 3592 1042 3635 eum
1065 3591 1250 3652 uxoremque
1272 3573 1369 3634 elabo-

192 3679 293 3758 rabat,
318 3678 411 3738 altera
433 3683 468 3738 ut
489 3679 642 3756 perderet:
679 3697 806 3757 quarum
828 3698 896 3740 curu
919 3685 1025 3740 neutra
1047 3680 1144 3740 adhuc
1166 3681 1313 3756 effecerit,
1336 3682 1370 3738 ut

190 3787 244 3844 aut
265 3801 389 3862 prorsus
413 3790 544 3845 servaret
566 3789 617 3845 aut
638 3804 761 3863 prorsus
792 3787 946 3864 perderet,
975 3806 1010 3847 eo
1038 3805 1118 3847 nune
1146 3805 1195 3848 res
1225 3786 1368 3866 pervenit,

193 3895 228 3950 ut
250 3895 316 3950 utra
338 3892 458 3953 tandem
479 3893 587 3953 victrix
609 3893 742 3954 discedat
764 3895 820 3954 hoc
842 3894 907 3972 ipso
929 3899 1062 3973 tempore
1083 3899 1225 3974 appareat
1243 3911 1367 3955 necesse

192 3998 242 4058 sit.
288 3998 351 4060 Hoc
382 3999 475 4075 igitur
505 4005 704 4076 momentum,
740 4020 798 4079 quo
832 4006 883 4062 aut
920 4003 1000 4063 salus
1029 4008 1080 4064 aut
1107 4003 1247 4064 interitus
1278 4001 1368 4076 venit,

192 4105 383 4184 interpolator
406 4107 463 4167 sibi
487 4109 615 4186 sumpsit
637 4108 845 4188 explicandum
869 4129 970 4189 neque
993 4111 1089 4172 sensit
1115 4111 1149 4170 in
1175 4111 1241 4189 ipsa
1268 4127 1369 4170 rerum

266 4335 285 4402 ¹)
304 4333 345 4390 De
364 4333 428 4390 Eur.
446 4333 560 4406 Helena,
580 4335 687 4392 dissert.
704 4335 819 4394 Monast.
840 4336 917 4396 1865.
