3194 4900
639 1041 982 1285 iperiani.

757 1335 865 1344 --.,..

310 1461 358 1522 Ex
380 1464 447 1523 ah'is
469 1464 564 1543 tribus
586 1463 737 1540 Euripidis
759 1462 868 1522 fabulis
891 1461 1026 1538 singulos
1047 1461 1128 1521 locos
1150 1460 1264 1522 eiciam.

310 1569 493 1631 Baccharum
525 1587 631 1654 versus
667 1568 1135 1645 239—41Kirchhoffiuspost
1165 1571 1228 1628 246
1248 1546 1399 1626 'collocari

220 1674 312 1750 iubet,
335 1681 402 1754 post
426 1681 490 1742 247
507 1676 679 1752 Sohaemus,
703 1680 857 1753 suspectos
879 1675 1113 1735 Middendorfius
1136 1675 1251 1734 observ.
1273 1673 1306 1732 in
1327 1672 1398 1734 Eur.

220 1780 325 1859 Bacch.
350 1802 378 1860 p.
401 1787 423 1844 4
447 1774 491 1860 sq.
513 1784 609 1843 habet
634 1781 692 1857 Qui
714 1759 819 1843 onmes
842 1800 1021 1861 quamquam
1043 1781 1075 1840 in
1089 1782 1227 1842 versibus
1245 1784 1397 1843 239-47

216 1889 331 1966 optimo
350 1890 419 1966 jure
441 1877 610 1966 haeserunt,
631 1895 745 1952 rectam
766 1889 947 1951 emendandi
968 1889 1049 1949 viam
1082 1889 1214 1965 ingressi
1236 1907 1303 1965 non
1319 1892 1397 1950 sunt·

219 1994 315 2056 Imm0
336 2014 442 2056 versus
467 1994 627 2077 242-71)
644 1997 738 2076 spurii
754 2001 832 2056 sunt.
861 1998 906 2056 Ac
921 1997 1050 2074 primum
1064 1995 1186 2073 quidem
1208 1995 1246 2056 de
1261 1997 1397 2056 versibus

222 2091 352 2166 242-ῆὸ
377 2103 589 2181 dispdtandum
611 2109 665 2164 est
711 2102 770 2178 Qui
792 2103 979 2181 disciplinam
1001 2103 1154 2164 continent
1176 2106 1236 2162 tarn
1251 2119 1396 2177 arcanam,

219 2216 253 2268 ut
275 2206 431 2271 Pentheus
453 2229 513 2271 non
524 2211 611 2272 modo
633 2229 693 2270 non
708 2211 842 2270 initiatus
863 2210 1018 2286 mysteriis
1042 2209 1200 2301 sedetiam
1214 2214 1397 2287 contemptor

219 2314 330 2376 Bacchi
365 2317 403 2380 de
425 2318 480 2377 hac
514 2336 548 2379 re
579 2336 619 2379 ne
640 2318 792 2379 audivisse
826 2317 949 2396 quidem
977 2317 1078 2395 possit.
1125 2316 1303 2398 Conferendi
1327 2320 1397 2376 sunt

218 2440 324 2483 versus
348 2427 512 2501 ree—79,
534 2426 614 2485 unde
637 2425 713 2484 nihil
734 2425 835 2485 arcani
856 2443 926 2486 eum
949 2425 1026 2485 scire
1047 2428 1135 2503 patet.
1158 2425 1256 2501 Atque
1278 2441 1311 2484 re
1326 2441 1397 2483 vera

218 2547 268 2590 res
283 2529 481 2592 Bacchanales
496 2533 708 2610 interpretatu
721 2532 887 2592 naturalem
908 2531 943 2590 in
957 2531 1094 2592 modum:
1120 2530 1214 2608 stupri
1236 2530 1396 2608 cupiditate

217 2637 343 2698 feminas
367 2638 521 2700 Thebanae
554 2640 592 2699 ad
623 2640 825 2700 haaohandum
856 2639 965 2699 adduci
986 2639 1152 2698 arbitratu.
1197 2637 1244 2698 Ne
1267 2637 1396 2698 Tiresias

213 2745 353 2822 quidem,
376 2747 429 2823 qui
450 2747 541 2807 deum
562 2765 671 2807 norum
695 2747 793 2808 colere
815 2747 949 2807 animum
970 2746 1102 2824 induxit,
1130 2745 1293 2823 quidquam
1314 2745 1396 2806 ahud

217 2851 367 2929 praedicat
387 2853 448 2912 nisi
470 2871 514 2929 ea,
538 2872 613 2932 quae
636 2854 731 2914 ocuhs
753 2857 915 2914 cernuntur
941 2857 993 2912 aut
1016 2851 1154 2912 sensibus
1176 2851 1393 2930 percipiuntur:

218 2977 278 3018 non
300 2959 338 3019 de
360 2959 511 3020 miraculis
521 2959 560 3038 2),
595 2961 649 3021 sed
671 2961 710 3020 de
732 2966 837 3021 natura
858 2961 923 3039 ipsa
952 2959 1016 3018 vini
1038 2959 1208 3036 inustisque
1230 2958 1260 3019 ei
1281 2959 1395 3018 viribus

200 3067 385 3128 ¹naturalem
418 3068 452 3126 in
477 3068 598 3129 modum
631 3068 753 3128 disserit
774 3045 906 3146 itemque
940 3069 1010 3128 vino
1038 3067 1165 3128 feminas
1197 3067 1236 3126 ad
1259 3072 1395 3144 stuprum

218 3173 292 3234 illici
315 3179 412 3251 negat.
459 3173 540 3249 Quae
563 3176 639 3236 ratio
672 3176 750 3236 inter
772 3193 879 3236 versus
904 3179 966 3236 246
992 3192 1037 3253 sq.
1072 3181 1102 3234 et
1125 3174 1276 3250 superiora
1311 3173 1393 3251 (inde

213 3299 236 3340 a
257 3301 285 3341 v.
310 3279 385 3359 216)
408 3282 573 3343 intercedat
594 3283 756 3344 videamus.
802 3281 964 3361 Pentheus,
986 3282 1064 3360 quod
1084 3281 1214 3345 feminae
1237 3280 1393 3341 Thebanae

292 3530 314 3596 ¹)
332 3527 396 3582 Sero
409 3527 587 3583 novissimam
606 3528 715 3597 inspexi
707 3527 895 3583 'Baccharum
915 3527 1062 3582 editionem
1080 3525 1251 3582 aWeoklino
1265 3529 1392 3596 curamur

214 3635 266 3686 qm
258 3616 388 3672 'eosdem
399 3632 496 3672 versus
506 3616 611 3671 atr-7
626 3617 741 3672 damnat.
760 3616 807 3672 Sic
818 3633 933 3687 quoque
954 3633 1021 3686 quae
1034 3632 1083 3686 ego
1097 3616 1132 3671 de
1144 3615 1196 3671 hoc
1208 3614 1268 3672 loco
1287 3619 1393 3687 scripsi

215 3713 289 3763 stare
308 3709 429 3776 possunt.

290 3797 313 3866 )
331 3797 365 3854 V
385 3797 507 3852 286-97
528 3814 592 3853 cum
610 3797 641 3853 G.
660 3797 799 3853 Dindorfio
818 3796 926 3852 delendi
945 3802 1017 3853 eunt.
998 3798 1080 3852 tux
1098 3797 1206 3866 paredo,
1224 3795 1393 3852 sacernam

216 3890 339 3958 ipsarum
357 3889 475 3944 carmine
488 3888 533 3958 (cf.
543 3887 670 3957 88-98),
689 3905 733 3943 res
746 3890 852 3957 sumpta
864 3903 924 3942 esse
937 3887 1006 3942 mihi
1019 3887 1135 3943 videtur.
1154 3889 1244 3957 Atque
1254 3887 1392 3944 Bacchum

215 3978 245 4032 ἐν
261 3984 338 4050 μηρῷ
358 3977 416 4040 Διὸς
434 3977 542 4050 ῥαφὲντα
569 3976 694 4032 falsarius
722 3977 828 4032 duobus
846 3976 946 4046 etymis
976 3977 1131 4047 insequitur
1148 3978 1246 4032 misere
1274 3977 1346 4031 inter
1363 3993 1392 4032 se

216 4068 325 4122 mixtis:

772 4157 798 4211 ὲν
815 4163 886 4230 μέρει
904 4157 1012 4226 αἰθέρος
1031 4157 1121 4232 ῥαφείς

771 4246 870 4319 ὅμηρος
888 4247 921 4302 ab
940 4247 1004 4302 Iove
1023 4247 1123 4302 Iunoni
1140 4245 1256 4300 traditus

820 4341 941 4408 (etymon
959 4337 1183 4406 ineptissimum).

362 4205 386 4256 ὲν
404 4206 540 4275 μηρῷὸ
498 4202 588 4275 Διὸςρ
574 4166 785 4310 ῥ-Ξαφείςῖ
