3194 4900
691 293 904 386 Α..

210 489 300 566 Quam
327 495 439 550 temere
463 493 493 548 et
515 487 616 565 inepte
639 488 729 547 rerba
753 480 797 546 ὅτι
820 481 935 567 γάμους
959 477 1111 564 &deiecto
1130 479 1219 558 (245)
1244 498 1283 540 ex
1296 497 1386 540 versu

213 601 254 658 31
278 597 340 655 huo
362 594 557 674 transsierit,
578 597 669 672 patet,
691 609 761 652 nam
785 591 811 650 si
834 590 1013 650 sententiam
1035 592 1147 648 rectam
1169 588 1279 648 habere
1302 587 1387 666 velis⁷

211 705 248 764 ad
271 703 411 764 Semelen
432 701 586 778 referenda
611 704 694 774 sunt,
729 698 767 758 ad
789 695 968 776 Bacchum,'
993 697 1020 756 si
1046 696 1126 755 male
1148 699 1319 754 narrantem
1341 712 1388 753 se-

213 808 312 888 quaris
334 809 494 868 falsarium.
518 808 616 884 Atque
639 797 704 867 τὸδ’
730 801 807 866 ἄλλο
830 801 939 888 θαῦμα
963 802 1060 884 (248),
1088 808 1123 862 ut
1146 821 1216 863 eum
1238 806 1388 862 transver-

213 935 280 978 sum
301 917 381 997 egit,
408 917 450 976 ita
473 933 527 974 nos
549 915 587 974 ad
609 933 715 975 rerum
738 913 828 974 ducit.
851 911 928 971 Nam
951 911 1133 986 Pentheum,
1162 929 1232 970 eum
1254 910 1389 988 miretur1

213 1025 291 1102 quod
314 1024 403 1084 etiam
426 1021 557 1084 Tiresias
580 1027 611 1083 et
633 1022 762 1082 Cadmus
781 1020 930 1080 Bacchum
954 1009 1387 1100 111111(τόδ’ἄλλοθαῦμα),

213 1137 298 1192 antea
326 1131 466 1190 miratum
501 1148 568 1190 esse
590 1123 783 1190 manifestum
817 1133 877 1208 111,
913 1127 992 1205 quod
1025 1127 1154 1186 feminae
1187 1125 1343 1214 Thebanae
1371 1143 1389 1184 a

208 1259 298 1318 mago
320 1240 477 1318 peregrino
500 1239 537 1300 ad
566 1239 695 1300 eundem
717 1237 867 1296 Bacchum
903 1235 1060 1295 colendum
1093 1234 1236 1293 adductae
1270 1236 1387 1293 essent:

212 1349 243 1408 id
265 1349 365 1425 ipsum
388 1352 435 1407 est
457 1347 541 1425 prius
568 1343 686 1429 daupu.
735 1344 830 1419 Quam
863 1344 1010 1404 rationem
1043 1342 1114 1402 huic
1148 1342 1213 1402 loco
1241 1359 1309 1400 cum
1336 1339 1389 1399 iilo

213 1447 397 1514 intercedere
425 1451 502 1512 illud
531 1471 648 1531 quoque
682 1453 849 1527 confirmat,
883 1451 961 1529 quod
990 1455 1116 1526 utroque
1145 1449 1209 1508 loco
1232 1449 1269 1508 de
1293 1448 1389 1524 oppri-

213 1561 320 1621 menda
347 1579 382 1620 re
410 1561 485 1618 mira
512 1559 665 1620 Pentheus
697 1559 814 1634 cogitat.
860 1555 947 1634 Mago
974 1556 1058 1616 enim
1084 1555 1241 1614 interfecto
1262 1553 1391 1614 feminas
1446 1622 1450 1629 .

213 1685 267 1745 per
293 1667 368 1742 vim,
402 1667 482 1726 viros
516 1666 700 1726 admonendo
733 1665 771 1725 ad
805 1663 1125 1724 sanitatem-reducere
1148 1662 1220 1722 unt.
1266 1660 1391 1720 Falsarii

214 1779 313 1834 autem
336 1791 405 1832 cura
428 1777 459 1833 et
481 1773 615 1832 anxietas
637 1773 670 1831 in
692 1773 747 1832 hae
775 1790 808 1832 re
831 1771 976 1846 cernitur,
1009 1769 1102 1848 quod,
1137 1768 1277 1845 quoniam
1304 1768 1390 1848 prius

213 1880 392 1940 miraculum
414 1879 578 1956 genuinum
601 1884 695 1940 morte
718 1879 890 1939 denuntiata
914 1874 1091 1956 (aaa-41)
1114 1875 1226 1950 finitur,
1256 1875 1393 1952 spurium

214 1985 368 2065 (242-5)
407 1987 511 2048 eodem
548 1987 635 2046 modo
674 1985 749 2065 (246
779 1985 834 2064 sq.)
857 1985 1049 2044 concluditur.
1102 1982 1254 2043 Simillimi
1291 1986 1391 2042 autem

212 2095 291 2155 inter
329 2112 361 2154 se
398 2095 449 2154 hic
481 2095 664 2154 Baccharum
702 2094 785 2153 locus
824 2098 854 2153 et
891 2092 957 2152 iile
978 2091 1110 2151 Helenae
1125 2094 1212 2150 sunt.
1258 2090 1390 2166 Utroque

213 2179 277 2262 loco
299 2196 389 2283 τέρας
412 2199 471 2282 (vel
493 2200 611 2284 θαῦμα)
635 2202 667 2260 in
690 2219 725 2262 eo
748 2203 896 2275 versatur,
925 2199 1004 2277 quod
1032 2198 1084 2276 qui
1112 2199 1184 2258 dicit
1210 2190 1276 2258 rem
1299 2215 1390 2274 quan-

214 2310 282 2368 dam
304 2309 429 2369 miratur
462 2314 493 2369 et
515 2327 620 2388 capere
656 2327 688 2369 se
711 2327 798 2387 posse
833 2313 937 2391 negat,
974 2311 1102 2387 utroque
1130 2307 1194 2366 loeo
1222 2310 1392 2384 portentum

214 2417 312 2494 ipsum
349 2417 486 2477 inserens
523 2417 712 2495 interpolator
750 2417 861 2491 effecit,
899 2419 933 2474 ut
966 2420 1025 2474 tota
1054 2414 1144 2474 oratio
1166 2431 1225 2473 non
1249 2413 1319 2473 satis
1342 2413 1388 2471 in-

214 2523 414 2600 tellegeretur.
487 2591 488 2595 ¹

304 2631 439 2696 Electrae
466 2648 582 2690 ,versus
613 2634 675 2692 936
701 2649 745 2708 sq.
783 2634 850 2708 post
887 2646 1009 2689 versum
1034 2631 1096 2689 931
1122 2627 1284 2704 'ponendos
1322 2644 1392 2686 esse

216 2737 412 2799 Schenhelius
439 2729 555 2818 (ztsohr.
579 2739 668 2798 rost.
685 2757 787 2815 gymn.
803 2737 892 2798 XXV
915 2734 1024 2816 (1874)
1048 2755 1076 2813 p.
1095 2734 1147 2815 93)
1171 2735 1390 2795 demonstrasse

217 2846 271 2905 sibi
294 2846 427 2920 videtin,
458 2847 535 2922 quod
563 2864 623 2906 non
651 2864 757 2906 versus
783 2849 924 2908 aaa—5
949 2844 1165 2923 confirmarent,
1195 2843 1248 2903 sed
1270 2861 1392 2904 versum

218 2955 290 3014 931.
314 2951 372 3026 Qui
394 2969 499 3012 versus
522 2950 597 3032 (936
616 2952 670 3032 sq.)
693 2953 768 3012 illud
791 2953 912 3031 quidem
936 2972 989 3013 cur
1003 2953 1091 3013 liberi
1113 2953 1248 3012 amatris
1271 2951 1392 3011 nomine

215 3059 354 3137 appellati
376 3061 412 3118 ab
427 3059 546 3119 Electra
568 3059 769 3137 despiciantur
791 3078 852 3119 non
874 3061 1005 3138 probant,
1030 3061 1084 3121 sed
1107 3060 1163 3120 hoc
1178 3063 1300 3118 monent
1322 3077 1391 3118 ean-

216 3167 285 3226 dem
307 3165 509 3226 condieionem
530 3166 587 3225 hoc
608 3167 672 3226 loco
696 3171 829 3227 exstare:
862 3167 1004 3240 Aegisthi
1022 3171 1052 3226 et
1080 3163 1296 3246 Clytemestrae
1318 3164 1392 3224 libe·

216 3291 264 3332 ros
287 3291 320 3332 re
344 3291 414 3332 vera
436 3291 454 3330 a
476 3273 580 3332 matris
603 3273 723 3332 nomine
747 3273 939 3333 denominari.
976 3273 1060 3333 Lare
1083 3277 1183 3333 antem
1206 3277 1237 3332 et
1252 3291 1311 3331 non
1323 3276 1392 3349 apte

216 3381 271 3439 hoc
293 3380 479 3440 enuntiatum
504 3381 649 3457 superiori
672 3381 844 3440 adiunctum
867 3384 922 3455 est,
945 3381 1024 3440 inter
1040 3399 1116 3458 quae
1131 3379 1190 3439 tale
1207 3379 1392 3439 desideratur

216 3487 364 3547 medium:
401 3491 497 3564 ‚atque
521 3470 737 3562 Clytemestrae
760 3506 878 3565 quoque
901 3488 934 3546 in
957 3487 1043 3548 domo
1065 3489 1140 3547 haec
1167 3491 1214 3547 est
1242 3486 1391 3547 condicio‘.

216 3595 257 3654 Ut
279 3595 380 3654 brevis
404 3595 471 3674 sim,
494 3612 599 3658 versus
617 3597 678 3655 936
698 3613 750 3672 sq.‚
774 3595 838 3656 sive
859 3595 952 3655 libros
976 3597 1040 3657 sive
1063 3594 1274 3655 Schenhelium
1297 3598 1392 3654 11111-

216 3705 376 3780 ponentem
399 3703 567 3781 sequimur,
595 3720 694 3779 neque
717 3703 859 3763 idoneum
881 3721 980 3780 neque
1002 3720 1109 3762 rerum
1136 3703 1279 3781 praebent
1305 3721 1394 3777 argu-

217 3815 359 3870 mentum.
397 3809 503 3888 Neque
527 3810 608 3870 enim
631 3811 663 3869 in
686 3810 840 3870 nobilitate
863 3811 916 3869 aut
939 3810 1044 3892 opibus
1067 3808 1283 3884 Clytemestrae
1310 3809 1393 3885 prin-

217 3919 331 3995 cipatus
355 3921 401 3976 est
423 3917 552 3995 positus,
583 3917 636 3978 sed
658 3917 691 3975 in
713 3916 769 3976 hac
791 3934 842 3998 re,
870 3916 947 3994 quod
970 3916 1133 3992 Aegisthus
1156 3917 1254 3976 animo
1278 3919 1325 3975 est
1346 3915 1392 3973 in-

217 4025 306 4084 ferior
329 4043 419 4101 quam
440 4024 493 4084 illa
515 4025 624 4084 mulier
647 4024 866 4102 superbissima.
905 4021 987 4096 Quae
1010 4041 1059 4084 res
1082 4025 1195 4083 nemini
1217 4024 1316 4100 ignota
1339 4040 1393 4081 cur

218 4136 382 4210 exponatur
405 4136 435 4191 et
457 4132 626 4193 declaretur
647 4150 708 4191 non
731 4135 792 4212 est,
814 4148 912 4208 neque
936 4131 1017 4190 enim
1039 4137 1142 4209 poetae
1166 4136 1212 4191 est
1236 4129 1391 4208 spectatori

217 4239 294 4297 nihil
317 4238 487 4315 relinquere
510 4239 548 4298 ad
571 4238 768 4314 cogitandum.
814 4236 1036 4315 interpolatoris
1070 4238 1162 4314 igitur
1195 4237 1271 4296 illud
1305 4254 1392 4311 argu-
