3194 4900
746 291 788 350 43

663 376 875 386 ——u-u———-

269 499 495 562 Heraclidarum
529 519 635 564 versus
660 501 825 582 242-61)
848 502 1037 582 proscribam.
1083 442 1256 582 Demophon
1278 500 1357 562 Iolao

182 626 235 686 pro
257 607 424 670 Heraclidis
446 609 538 670 verba
560 609 679 671 facienti
698 610 774 672 haec
796 610 971 688 respondet:

224 731 288 796 236
312 735 476 814 rprooat'
490 731 530 818 μ’
554 729 755 814 ἀναγκάζουσι
777 730 914 806 συννοίας
925 733 948 812 2>
973 728 1050 806 ὁδοί,

312 831 425 912 Ἰόλαε,
449 840 519 911 τοὺς
542 839 614 915 σοὺς
637 841 679 926 μὴ
702 837 910 923 παρώσασθαι
932 837 1050 920 λόγους.

184 981 187 984 ·
270 965 443 1044 Sequuntur
465 967 522 1028 hae
545 985 665 1028 causae:

228 1089 259 1169 1)
289 1085 365 1160 Ζεὺς
388 1063 494 1160 Ξένιος
515 1091 536 1150 i.
560 1109 586 1152 e.
609 1090 731 1169 hospitii
753 1090 800 1151 ius
823 1095 1043 1151 sacrosanctum
1065 1090 1142 1168 (238
1167 1089 1223 1170 sq.)

227 1195 259 1275 2)
289 1197 530 1273 consanguinitas
553 1195 630 1276 (240
652 1197 727 1275 init.)

226 1304 259 1381 3)
289 1304 383 1380 gratia
404 1303 580 1376 Heraclidis,
604 1321 673 1364 cum
694 1303 843 1364 Hercules
863 1303 902 1364 de
924 1303 1042 1364 Tlreeeo
1076 1303 1185 1382 optime
1208 1303 1361 1380 meruerit,

187 1421 189 1424 ’
292 1410 444 1471 reddenda
467 1411 546 1491 (240
569 1412 625 1490 sq.)
683 1481 687 1492 .

226 1514 258 1597 4)
287 1517 451 1594 ignominia
473 1535 491 1577 a
513 1517 607 1597 patria
628 1517 826 1597 propulsanda
849 1514 1014 1596 (242-6).

270 1642 334 1702 Iam
355 1661 426 1704 vero
449 1662 518 1704 cum
540 1638 689 1725 τρισσαί
711 1659 817 1702 causae
834 1658 924 1722 supra
939 1641 1156 1720 promittantur,
1179 1658 1238 1700 uua
1261 1658 1301 1701 ex
1314 1641 1362 1700 his

180 1753 320 1827 quattuor
343 1750 383 1810 sit
406 1749 554 1810 subditiva
576 1767 699 1810 necesse
722 1752 777 1811 est.
814 1749 864 1808 An
886 1766 921 1809 eo
944 1747 1105 1824 confugere
1128 1747 1209 1822 licat,
1231 1751 1266 1807 ut
1287 1747 1363 1808 duas

185 1873 289 1916 causas
310 1856 344 1914 in
366 1875 457 1917 unam
480 1855 707 1916 contrahamus?
744 1855 845 1916 Prima
868 1855 997 1916 secunda
1021 1858 1126 1932 quarta
1147 1859 1249 1932 aperte
1282 1854 1362 1914 inter

185 1980 218 2023 se
241 1963 377 2023 diuersae
400 1968 478 2022 suut.
525 1961 584 2024 Sed
617 1981 657 2023 ne
690 1963 778 2023 tertia
801 1962 923 2040 quidem
956 1979 1026 2024 cum
1056 1961 1187 2022 secunda
1221 1960 1363 2038 coniungi

182 2074 287 2147 potest,
310 2089 379 2130 oum
401 2071 435 2129 in
448 2070 537 2130 tertia
558 2069 745 2130 nullomodo
767 2069 807 2129 de
822 2069 1078 2145 consanguinitate
1100 2069 1180 2129 inter
1190 2067 1363 2128 Heraclidas

182 2182 214 2237 et
235 2176 380 2238 Thesidae
402 2177 604 2238 intercedente
626 2171 742 2256 agatur,'
763 2175 816 2236 aad
838 2176 876 2238 de
891 2173 998 2256 officio,
1020 2175 1099 2254 quod
1121 2175 1265 2236 a'lheseo
1280 2179 1363 2254 patre

181 2281 356 2364 Demophon
379 2288 540 2362 receperat.
585 2283 684 2344 Iolaus
708 2301 826 2362 quoque
857 2283 1147 2360 consanguinitatem
1180 2289 1212 2344 et
1234 2282 1364 2344 officium

185 2389 353 2450 Heraclidis
375 2391 585 2469 praestandum
608 2390 741 2452 diversas
764 2407 832 2450 esse
855 2406 959 2450 causas
982 2391 1085 2466 voluit,
1108 2409 1177 2451 cum
1199 2391 1255 2451 hoc
1276 2390 1363 2450 modo

183 2497 300 2558 monuit
323 2501 386 2560 213
412 2517 493 2578 sqq:

418 2619 524 2704 γένους
550 2625 604 2707 μὲν
627 2619 714 2709 ἥκεις
737 2617 798 2685 ὧδε
821 2620 932 2697 τοῖσδε,
955 2618 1124 2708 Δημοφῶν·

420 2724 494 2791 ἅδ’
519 2725 609 2805 ἐκτὸς
629 2725 691 2815 ἤδη
714 2736 767 2792 τοῦ
790 2727 997 2816 προσήκοντός
1021 2750 1056 2793 σε
1080 2728 1130 2793 δεῖ

417 2844 506 2919 τῖσαι,
528 2835 607 2916 λέγω
631 2856 689 2918 σοι,
710 2833 810 2899 παισί·

183 2962 246 3023 lam
268 2981 344 3042 quae
366 2981 454 3025 eausa
489 2964 528 3025 sit
551 2963 728 3042 interpolata
751 2959 954 3041 quaerendum
978 2969 1033 3025 est.
1079 2967 1178 3044 Atque
1202 2965 1363 3026 secundam

182 3075 214 3132 et
235 3071 354 3132 tertiam
376 3072 522 3149 genuinas
538 3089 607 3134 esse
621 3071 696 3131 Iolai
710 3071 840 3132 oratione
855 3049 985 3132 lectitata
999 3077 1130 3154 apparet,
1153 3072 1189 3133 cl.
1208 3075 1361 3135 205-13

183 3182 215 3238 et
238 3181 377 3240 214-9.
423 3179 523 3239 Prima
558 3197 676 3257 quoque
710 3178 841 3254 genuina
863 3183 923 3254 est,
961 3197 1031 3239 narn
1052 3179 1154 3240 Iovem
1187 3180 1363 3258 hospitalem

184 3301 300 3346 summa
322 3285 466 3362 religione
489 3305 507 3346 a
529 3303 562 3346 se
585 3283 643 3346 coli
657 3285 828 3364 Demophon
853 3285 940 3364 paulo
955 3290 1059 3367 postea
1075 3285 1193 3365 saepius
1208 3288 1364 3347 eonfitetm

183 3391 220 3452 of.
238 3396 310 3465 258,
336 3396 410 3469 260,
435 3396 508 3454 264.
543 3393 612 3452 Ηυο
634 3393 720 3469 cadit,
744 3393 823 3470 quod
838 3392 939 3454 Iolaus
960 3393 994 3452 in
1009 3394 1104 3472 prima
1126 3394 1265 3455 orationis
1280 3398 1363 3472 parte

184 3499 222 3560 de
245 3517 278 3560 sa
302 3501 424 3578 suisque
447 3501 479 3560 in
501 3501 581 3561 hunc
603 3500 702 3578 ipsum
716 3499 837 3560 modum
860 3500 982 3561 disserit
1005 3501 1052 3581 (cf.
1071 3505 1199 3564 ret-a
1224 3500 1361 3581 et196):

185 3624 262 3682 sese,
285 3608 394 3686 quippe
416 3607 469 3686 qui
491 3608 580 3685 Argis
603 3607 722 3686 expulsi
745 3607 820 3689 sint,
856 3608 917 3668 iam
948 3595 1008 3668 non
1037 3626 1105 3670 esse
1128 3610 1270 3686 Argivos,
1309 3609 1362 3672 sed

185 3708 298 3788 ξένους,
321 3733 438 3774 ararum
460 3713 553 3791 igitur
574 3714 722 3793 praesidio
745 3718 839 3775 tectos
861 3715 999 3794 praeconi
1021 3733 1082 3774 non
1096 3715 1187 3776 licere
1210 3717 1363 3778 reducere.

185 3816 369 3900 Quamquam
402 3820 471 3882 inde
493 3840 511 3882 a
533 3839 624 3882 versu
649 3824 710 3882 191
746 3819 846 3881 Iolaus
869 3822 991 3900 exponit
1013 3823 1214 3884 Athenienses
1248 3829 1363 3884 tautum

257 4103 279 4168 ¹)
298 4101 404 4156 Interea
421 4099 650 4170 Klmhenbergius
668 4119 694 4170 p.
714 4101 748 4156 73
766 4101 827 4156 adn.
847 4101 863 4154 1
882 4099 1100 4173 versum2421in
1113 4101 1297 4170 suspicionem
1314 4115 1363 4154 νο-

185 4190 261 4245 carit
277 4191 380 4246 rectius
398 4191 527 4259 laotmus
546 4191 572 4246 si
590 4192 744 4264 accuratius
762 4191 793 4245 in
811 4192 885 4246 hunc
904 4190 996 4246 locum
1014 4191 1215 4262 inquisivisset.

257 4280 280 4350 ²)
298 4281 351 4335 Pro
369 4279 501 4336 librorum
519 4289 649 4352 συμφορᾶς
673 4297 736 4336 oum
754 4281 784 4337 F.
805 4281 835 4336 0.
855 4279 1007 4338 Schmidtio
1037 4298 1064 4351 p.
1084 4281 1119 4336 89
1137 4283 1166 4336 et
1183 4279 1363 4334 Herwerdenc

185 4387 211 4439 p.
230 4369 283 4426 208
302 4375 415 4436 συννοίας
433 4369 607 4426 scribendum
625 4373 675 4428 est.
1253 4364 1257 4371 '
