3194 4900
762 219 803 277 24

678 303 891 312 m—

196 431 372 491 condicione
395 433 515 506 totoque
536 428 655 489 fabulae
681 435 760 490 statu
782 429 933 508 praesenti
954 429 1010 488 hoc
1033 445 1100 488 esse
1114 428 1252 506 positum
1282 426 1378 504 Equi·

195 539 264 598 dem
286 555 339 614 pro
361 529 426 604 κείς
448 551 509 594 101
532 529 575 605 εἰς
598 535 652 595 sed
675 528 706 595 o’
732 530 775 609 εἰς
798 535 906 611 scribo,
939 536 1141 597 necessarium
1163 535 1246 596 enim
1268 553 1379 598 censeo

196 661 264 704 esse
288 637 324 704 σὲ
347 641 503 716 obiectum,
526 641 577 700 cui
600 638 651 710 ξὺν
674 634 741 725 τῇδ’
766 642 950 718 adiungatur.
1056 659 1058 664 ·

285 750 419 810 Helenae
443 751 475 809 et
498 748 627 810 Menelai
651 750 806 825 orationes,
835 750 944 827 quibus
969 749 1097 809 salutem
1119 767 1136 808 a
1160 748 1299 834 Theonoe
1320 749 1380 807 im·-

145 867 151 886 ²
196 862 327 936 patrant,
355 855 553 934 inte1polandi
583 856 767 916 occasionem
790 855 910 916 dedisse
934 855 1006 915 satis
1028 856 1157 933 amplam
1179 855 1294 915 mirum
1316 873 1376 915 non

198 969 251 1025 est.
288 963 409 1023 Etenim
431 967 517 1040 poeta
540 963 577 1021 ad
600 962 685 1021 illam
706 963 947 1022 commovendam
969 967 1145 1039 argumenta
1167 962 1289 1021 adhibet
1310 979 1380 1038 gra·

197 1071 331 1145 vissima,
353 1069 545 1146 interpolator
567 1069 683 1128 minora
705 1068 876 1146 levioraque
898 1070 980 1130 addit
1001 1075 1053 1129 aut
1076 1087 1152 1146 qnae
1167 1073 1256 1150 poeta
1270 1068 1380 1128 astrin-

198 1183 284 1238 xerat
306 1181 398 1254 atque
421 1176 521 1236 nervis
543 1176 715 1254 0011010110
740 1177 932 1253 instruxerat,
955 1178 1134 1255 plerumque
1157 1175 1318 1254 repetendo
1334 1176 1378 1233 di-

197 1286 277 1361 latat,
301 1285 391 1364 laxat,
413 1288 543 1358 enervat,
566 1283 724 1344 delumbat.
771 1285 956 1345 Accedamus
984 1286 1022 1344 ad
1044 1285 1178 1346 Helenae
1205 1285 1374 1344 orationem

198 1392 322 1452 Initium
344 1391 491 1470 purgandi
513 1390 698 1467 Hartmgius
721 1392 800 1467 feeit,
824 1393 876 1470 qui
898 1409 1005 1454 versus
1023 1394 1154 1454 903-8
1179 1393 1215 1451 ab
1230 1391 1380 1467 aretalogo

200 1500 327 1577 quodam
348 1499 496 1576 profectos
517 1498 550 1556 in
571 1497 635 1576 Iph.
659 1498 727 1558 Aul.
752 1519 780 1576 p.
796 1503 840 1564 30
856 1517 898 1578 sq.
924 1498 1090 1558 damnavit:
1114 1499 1196 1558 idem
1220 1502 1378 1557 senserunt

201 1606 234 1668 (1.
257 1605 438 1682 Dindorlius,
461 1605 632 1664 Badhamus
656 1604 698 1684 (11
721 1610 878 1665 comment
901 1625 930 1682 p.
949 1603 1010 1684 12),
1055 1604 1217 1664 Nauckius,
1263 1602 1383 1662 Deinde

199 1731 306 1774 versus
331 1717 394 1775 912
412 1731 457 1790 sq.
481 1731 550 1772 oum
572 1711 705 1772 Nauokio
728 1713 822 1773 deleo,
869 1713 928 1774 Sed
950 1731 990 1790 ne
1014 1713 1094 1790 quis,
1124 1730 1194 1773 cum
1223 1711 1380 1786 sagacissi-

200 1839 270 1882 mus
293 1821 346 1880 ille
370 1821 492 1898 quidem
515 1820 636 1880 criticus
660 1820 714 1880 sed
740 1821 773 1879 in
803 1821 1005 1898 suspicionem
1032 1837 1143 1898 pronus
1170 1819 1301 1878 rationes
1330 1835 1382 1878 su·

202 1929 368 2007 spicionum
389 1927 526 2004 pluribus
548 1926 581 1984 in
603 1926 771 1986 fabulis-
797 1927 894 1987 studia
922 1927 988 1987 0110
1016 1925 1178 2004 Emipidea
1206 1927 1243 1985 ad
1270 1941 1378 1985 norem

202 2041 318 2095 tantum
340 2034 456 2094 fabulas
479 2037 613 2111 spectant
636 2067 678 2076 —-
701 2034 827 2095 reddere
849 2035 988 2114 noluerit,
1010 2034 1188 2094 temeritatis
1202 2051 1252 2092 110
1267 2037 1379 2109 arguat,

203 2143 313 2220 quibus
337 2142 435 2202 causis
457 2141 522 2220 ipse
550 2141 589 2201 ad
611 2158 663 2202 eos
691 2159 797 2201 versus
827 2141 977 2202 eiciendos
1004 2138 1136 2201 adducar
1165 2140 1383 2201 demonstrabo.

203 2248 320 2309 Helena
342 2248 479 2308 versibus
504 2250 658 2309 909-18
684 2246 853 2308 Theonoam
875 2249 986 2325 pietate
1009 2248 1047 2307 ad
1068 2248 1240 2308 Menelaum
1263 2265 1382 2308 servan·

203 2357 276 2418 dum
298 2355 379 2431 adigi
402 2355 511 2415 debere
540 2354 633 2415 docet.
680 2354 751 2415 Tale
778 2360 881 2416 autem
908 2361 1133 2432 argumentum,
1162 2356 1249 2432 quale
1277 2372 1383 2415 versus

207 2465 269 2523 912
287 2479 330 2539 sq.
354 2462 497 2539 praebent
520 2465 562 2535 ,ut
583 2460 698 2520 Helena
721 2461 806 2522 reddi
828 2463 937 2540 possit,
966 2463 1020 2540 qui
1041 2467 1218 2540 accepturus
1243 2462 1282 2521 sit
1303 2461 1385 2522 11101

206 2576 254 2630 001
275 2570 409 2629 1000000ι
433 2587 451 2626 a
473 2573 533 2627 tota
555 2568 611 2628 hac
633 2569 764 2629 oratione
788 2574 835 2630 est
855 2570 996 2631 alienum.
1032 2569 1139 2648 Neque
1162 2571 1244 2630 enim
1266 2569 1298 2628 id
1321 2570 1382 2644 agi-

205 2682 269 2750 tur,
300 2694 357 2753 qua
369 2675 552 2735 'condicione
574 2679 626 2734 aut
647 2673 762 2736 ratione
784 2675 836 2734 illa
857 2676 944 2736 reddi
965 2677 1072 2754 possit,
1095 2695 1165 2735 nam
1186 2677 1241 2734 hac
1263 2694 1296 2736 10
1319 2677 1383 2754 ipsa

206 2785 315 2844 debere
339 2783 550 2842 concederetur
573 2780 743 2842 Theonoam
771 2783 904 2850 reddere.
951 2784 1011 2844 Sed
1038 2784 1070 2843 id
1098 2772 1196 2862 ipsum
1224 2801 1304 2844 nuno
1331 2784 1384 2844 de-

207 2909 287 2950 mum
311 2890 476 2966 disseritur,
500 2896 601 2950 1111111
623 2889 728 2950 debeat
751 2889 875 2955 reddere
889 2907 992 2950 necne.
1019 2889 1135 2950 Versus
1152 2890 1244 2966 igitur
1262 2893 1324 2950 912
1338 2907 1382 2966 sq.

207 2998 266 3058 tale
296 2995 439 3058 exhibent
467 3002 691 3076 argumentum,
726 3000 760 3056 ut
793 2997 993 3058 confirmanda
1021 3014 1070 3056 res
1099 2997 1203 3057 eadem
1229 3015 1262 3056 re
1287 2996 1385 3056 subito

209 3125 261 3184 pro
284 3111 364 3165 00110
386 3105 481 3182 posita
503 3107 705 3165 confirmetur!
740 3104 893 3165 Sententia
915 3109 1014 3164 autem
1036 3105 1146 3164 horum
1167 3122 1310 3164 versuum
1326 3121 1385 3180 per

210 3231 243 3274 se
266 3213 331 3291 ipsa
354 3213 439 3273 cadit.
470 3212 591 3272 Etenim
614 3213 641 3271 si
662 3216 798 3271 mortuus
821 3210 986 3290 (Menelaus
1002 3209 1235 3290 interficiendus)
1259 3229 1385 3271 uxorem

209 3321 342 3398 accipere
365 3337 426 3379 non
447 3325 554 3397 potest,
576 3320 608 3379 id
631 3320 710 3398 quod
733 3320 823 3380 etiam
834 3337 888 3397 per
896 3314 1096 3396 1011101111ον
1110 3318 1387 3399 (912a=912b3)

210 3428 424 3506 pronuntiatur,
448 3428 500 3504 qui
521 3432 619 3505 potest
640 3429 714 3503 fieri,
737 3433 772 3486 11
794 3427 919 3488 Proteus
944 3427 1019 3508 (912
1036 3427 1146 3507 κεῖνος)
1169 3445 1386 3487 1010101101-

210 3541 281 3595 tuus
303 3535 425 3595 reddat?
460 3534 496 3595 cf.
521 3535 612 3594 etiam
633 3555 660 3595 1.
687 3539 760 3597 965.
806 3535 868 3596 Suo
897 3535 989 3612 igitir
1018 3535 1114 3612 ipsius
1136 3538 1310 3610 argumento
1333 3533 1387 3592 fal·

213 3643 308 3702 sarius
337 3660 369 3702 se
404 3642 572 3703 confutavit.
619 3643 803 3704 Sententiam
835 3643 932 3721 ipsam
966 3647 1108 3717 ,mortuus
1145 3661 1234 3718 agere
1273 3641 1386 3718 nequit‘

211 3749 292 3808 haud
315 3749 404 3809 dubie
429 3749 557 3827 sumpsit
579 3768 619 3810 ex
641 3747 694 3810 illo
717 3767 807 3809 versu
820 3752 893 3823 965,
917 3766 976 3827 quo
998 3749 1062 3808 loco
1086 3747 1387 3827 (0500011010-

212 3855 278 3915 laus
300 3855 406 3916 Protea
428 3861 579 3916 mortuum
602 3874 689 3916 orans
716 3860 805 3934 atque
833 3857 991 3916 obsecrans
1015 3854 1182 3916 Theonoam
1211 3855 1387 3932 gratissime

213 3963 331 4039 pietatis
354 3966 386 4023 et
408 3963 496 4022 officii
518 3965 666 4024 admonet.
707 3963 754 4024 Ibi
776 3963 868 4039 igitur
890 3961 965 4023 haec
987 3981 1036 4023 res
1058 3963 1143 4024 virae
1165 3963 1244 4024 filiae
1268 3963 1388 4039 egregie

214 4075 282 4128 ante
305 4070 405 4130 oculos
427 4071 614 4151 proponitur,
645 4070 695 4130 hio
718 4071 793 4148 (912
812 4069 867 4149 sq.)
900 4070 938 4129 ad
971 4071 1123 4132 nemiuem
1157 4076 1296 4146 agentem
1329 4069 1389 4128 nisi

215 4183 365 4236 mortuum
388 4175 418 4256 (1)
443 4183 579 4255 spectans
600 4177 716 4256 puerile
739 4178 956 4256 interpolatoris
979 4178 1134 4255 ingenium
1156 4179 1261 4256 prodit.

240 4357 241 4361 Ἰ
305 4284 364 4345 Sed
387 4284 518 4344 nondum
540 4290 695 4363 purgatam
717 4285 848 4360 legimus
863 4283 942 4346 hanc
955 4285 1132 4345 orationem:
1157 4284 1308 4345 nonnullis
1324 4301 1389 4344 rer·
