3194 4900
771 295 811 352 28

682 379 894 388 ———----

200 504 307 580 frigida
342 510 395 564 est.
442 503 512 564 Tale
547 505 618 582 quid
641 505 794 566 Menelaus
828 505 965 564 versibus
996 505 1148 565 947—53
1177 501 1280 561 hercle
1312 520 1374 561 non

199 611 344 689 promisit,
370 612 506 672 sednon
529 612 638 688 dubito,
662 614 734 690 quin
758 630 864 674 versus
882 616 944 674 959
960 629 1023 690 sqq.
1047 611 1168 670 demum
1179 610 1330 686 probatam
1346 609 1375 668 ei

201 721 304 780 orandi
324 720 471 780 rationem
493 721 624 780 afferant.
664 721 823 798 Compares
838 721 941 798 velim,
963 737 1052 796 quam
1075 717 1195 794 egregie
1217 717 1271 778 ille
1293 718 1377 796 locus

200 835 231 889 et
252 829 302 888 hic
323 827 401 888 inter
435 845 468 887 se
497 832 695 906 opponantu:
737 833 889 891 947-53
925 845 1031 905 ‚neque
1054 826 1245 904 supplicando
1278 843 1377 903 neque

200 937 332 996 lacrimis
361 936 536 1012 dignitatem
569 942 600 996 et
622 936 747 1012 gloriam
780 955 878 997 meam
900 933 1093 1009 imminuam,
1132 937 1284 995 959-61
1315 934 1377 1011 ‚sed

201 1062 276 1122 quae
299 1061 347 1103 me
370 1043 460 1118 digna
482 1047 513 1102 et
534 1043 612 1102 iusta
626 1043 752 1102 arbitror
774 1049 805 1103 et
828 1061 903 1121 quae
926 1047 1013 1102 tuum
1035 1040 1223 1118 potissimum
1244 1040 1378 1099 animum

200 1150 434 1221 commovebunt,
457 1147 553 1207 dicam
569 1151 632 1208 ...‘.
678 1147 773 1222 Quam
796 1148 898 1208 orandi
927 1147 1072 1208 rationem
1107 1163 1168 1205 uno
1188 1150 1291 1206 tenore
1325 1146 1378 1206 de-

199 1257 279 1316 finiri
321 1260 390 1315 ante
434 1273 538 1332 preces
578 1256 658 1336 ipsas
697 1275 786 1316 nemo
825 1275 886 1316 non
919 1255 1039 1315 ridebit.
1098 1254 1188 1314 Nunc
1230 1253 1377 1330 genuinae

200 1381 304 1442 preces
328 1367 493 1441 sequuntur
501 1363 677 1439 gravissimo
691 1364 774 1424 nisae
789 1360 1141 1440 argumento(962—-8),
1163 1379 1288 1439 quarum
1309 1377 1378 1420 cnm

200 1471 297 1531 calore
330 1473 443 1530 atrita
465 1476 648 1549 comparatae
670 1471 740 1531 illae
764 1469 921 1550 (954-8)
950 1469 1089 1528 videntrr
1112 1485 1179 1528 esse
1201 1469 1305 1527 umbra
1327 1485 1379 1528 ex-

201 1579 329 1654 sanguia.
344 1577 380 1637 Id
401 1582 501 1638 autem
523 1579 622 1656 ipsum
645 1579 723 1655 quod
737 1579 848 1655 petitur
869 1581 996 1653 utroque
1011 1576 1076 1635 loco
1098 1578 1145 1634 est
1159 1575 1255 1634 idem:

246 1689 309 1748 963
334 1681 459 1758 ἀπόδος,
483 1680 596 1746 ἀπαιτῶ
619 1685 675 1766 τὴν
698 1681 775 1768 ἐμὴν
800 1680 941 1766 δάμαρτά
964 1701 998 1743 σε
1045 1686 1076 1742 et
1160 1747 1163 1752 ,

249 1792 323 1870 (955
350 1811 393 1870 sq.
418 1789 563 1876 ζητοῦντά
586 1785 616 1870 γ’
642 1787 745 1874 ὀρθῶς
761 1788 928 1873 ἀπολαβεῖν
945 1783 1076 1874 δάμαρτ’
1094 1785 1181 1872 ἐμήν,
1206 1783 1332 1856 ἀπόδος,

201 1900 261 1960 Sed
282 1901 420 1976 interest,
456 1901 536 1978 quod
556 1901 749 1979 interpolator
770 1902 912 1960 idoneum
933 1903 1144 1975 argumentum
1165 1913 1227 1955 non
1248 1896 1379 1972 praebet,

199 2007 358 2084 Eruipides
380 2025 487 2085 preces
509 2008 619 2086 optime
642 2009 803 2067 confirmat.
843 2007 936 2066 Cuius
958 2005 1127 2082 argrnnenti
1150 2021 1219 2064 oum
1241 2020 1302 2063 non
1324 2002 1380 2060 mi·

199 2114 281 2172 nima
304 2130 374 2190 pars
396 2131 488 2174 versu
513 2117 577 2176 964
600 2115 794 2194 contineatur,
825 2131 842 2172 a
864 2112 1015 2171 Badhamo
1038 2110 1190 2184 dissentio,
1226 2109 1278 2186 qui
1299 2109 1380 2167 huno

199 2239 320 2281 versum
354 2221 516 2282 delendum
550 2227 654 2283 censet
687 2221 871 2298 ,languidum
894 2224 925 2281 et
945 2220 1140 2298 impeditum‘.
1185 2217 1380 2295 interpolator

198 2333 299 2388 autern
321 2328 451 2388 maxime
474 2328 705 2406 deprehenditur
727 2329 761 2387 in
783 2327 910 2388 absurdo
934 2319 1059 2410 δάμαρτ’
1088 2321 1175 2408 ἐμήνΙ
1190 2323 1286 2403 (955).
1331 2322 1380 2382 Ex

198 2454 289 2496 versu
313 2439 376 2497 963
411 2436 444 2494 id
465 2436 618 2496 transtdit
650 2437 689 2496 de
711 2437 766 2496 lrac
788 2455 822 2497 re
844 2435 932 2497 unice
968 2452 1103 2510 scamus,
1142 2437 1243 2493 utrum
1277 2431 1378 2494 statim

199 2542 327 2602 transire
359 2542 487 2601 atertia
508 2561 634 2620 persona
657 2541 733 2622 (954
764 2561 807 2620 sq.
840 2537 927 2611 ξένον
951 2537 1097 2625 ζητοῦντά
1119 2533 1159 2618 γ’)
1188 2540 1226 2598 ad
1253 2539 1379 2615 primam

199 2643 275 2720 (955
300 2642 428 2732 δάμαρτ’
453 2643 540 2732 ἐμήν)
563 2669 619 2727 per
640 2651 862 2727 grammaticam
883 2649 989 2710 liceret
1009 2666 1115 2708 neone.

214 2739 217 2745 ¹
288 2751 338 2816 De
361 2757 445 2816 exitu
468 2756 607 2817 orationis
635 2757 795 2818 admodum
822 2757 936 2817 lubrico
967 2773 1048 2816 nunc
1082 2754 1289 2814 disserendum
1324 2758 1378 2813 est.

200 2861 372 2922 Schenkelii
394 2868 577 2941 argumenta,
600 2864 653 2941 qui
675 2883 703 2942 p.
728 2868 792 2926 451
816 2881 924 2924 versus
949 2866 1080 2925 991-5
1104 2862 1193 2936 delet,
1216 2877 1281 2920 rem
1303 2877 1379 2919 non-

199 2969 271 3028 dum
294 2970 448 3046 evincunt,
478 2971 619 3048 equidem
641 2971 731 3030 aliam
753 2971 833 3029 viam
854 2971 1012 3046 ingressus
1038 2969 1166 3046 aliisque
1193 2967 1379 3044 argumentis

199 3093 272 3134 usus
294 3093 401 3136 versus
426 3081 590 3139 988—95
614 3078 731 3137 damno.
777 3078 821 3137 Ac
849 3078 979 3154 primurn
1015 3076 1137 3154 quidem
1170 3074 1208 3134 de
1242 3073 1379 3134 versibus

201 3187 264 3245 991
283 3201 338 3260 sq,
361 3202 436 3261 quos
458 3185 643 3262 Hartungr'us
665 3187 698 3244 in
719 3185 783 3263 iph.
806 3185 873 3244 Aul.
890 3203 918 3262 p.
935 3188 978 3245 43
1002 3184 1100 3244 levius
1123 3183 1156 3240 in
1179 3181 1379 3258 suspicionem

198 3295 316 3350 voratos
343 3290 377 3350 in
406 3291 452 3352 ed.
475 3291 543 3352 Hel.
565 3311 593 3369 p.
619 3295 681 3354 226
707 3309 752 3369 sq.
780 3309 899 3351 servare
929 3287 1058 3363 studuit,
1086 3287 1296 3366 disputandum
1324 3289 1378 3346 est.

199 3396 344 3457 Versibus
369 3401 432 3459 988
450 3414 494 3476 sq.
524 3399 566 3476 (et
592 3399 652 3458 iam
681 3397 752 3458 inde
779 3417 846 3458 av.
872 3397 948 3474 982)
981 3397 1136 3457 Menelaus
1163 3394 1323 3468 Helenam,
1351 3393 1378 3452 si

200 3521 318 3565 servare
341 3505 523 3583 domumque
546 3507 662 3566 auferre
689 3522 750 3565 non
775 3505 918 3582 potuerit,
955 3505 991 3565 ab
1025 3505 1090 3583 ipso
1123 3502 1313 3563 interfectum
1340 3500 1384 3560 iri'

199 3613 337 3672 minanti.
384 3613 447 3687 Qua
470 3632 510 3674 ex
531 3613 755 3674 denuntiatione
778 3631 849 3674 cum
875 3615 966 3674 rerba
989 3613 1078 3692 (993)
1101 3612 1216 3684 κτεῖν’,
1245 3606 1272 3672 εἰ
1295 3608 1381 3670 δοκεῖ

201 3737 248 3780 σοι
270 3726 394 3780 manent
415 3727 539 3799 arteque
563 3740 632 3781 cum
654 3739 689 3782 ea
712 3723 897 3796 cohaereant,
919 3738 1026 3782 versus
1051 3724 1112 3782 991
1128 3737 1182 3798 sq,
1205 3719 1313 3797 quibus
1327 3733 1378 3777 res

199 3845 321 3904 prorsus
344 3827 401 3887 alia
424 3834 677 3904 commemoratu,
701 3830 916 3890 sententiarum
937 3845 1050 3888 nexum
1072 3827 1198 3886 moleste
1219 3824 1376 3900 turbantll.

199 3935 298 4011 Atque
321 3934 499 3995 alienissimi
522 3937 651 3996 suntab
673 3936 824 4015 hocloco,
847 3951 946 4012 neque
969 3934 1050 3994 enim
1073 3933 1235 4011 quidquam
1250 3933 1378 3992 attenmt

273 4196 296 4262 ¹)
314 4197 347 4250 Id
366 4197 438 4266 quod
458 4198 562 4252 codicis
581 4197 640 4255 abb.
655 4197 724 4252 Flor.
743 4196 871 4251 librarius
889 4195 1060 4250 intellexisse
1078 4195 1195 4264 udatur,
1215 4209 1376 4264 quamquam

200 4284 296 4340 falsam
314 4285 384 4340 vitio
404 4285 530 4340 adhibuit
547 4286 693 4342 medelam:
711 4302 822 4340 versum
841 4286 913 4340 enim
932 4285 985 4340 991
1004 4284 1151 4353 Theonoae,
1170 4283 1223 4338 992
1242 4299 1300 4352 sqq.
1319 4281 1377 4336 Me·

199 4373 276 4428 nelao
294 4373 399 4440 tribon,
419 4374 448 4428 iu
466 4391 493 4427 v.
513 4374 563 4428 991
585 4373 704 4443 δακρύεις
724 4375 842 4443 scripsit.
