3194 4900
799 270 816 326 7

371 477 403 553 4)
435 477 498 554 Iph.
523 474 562 536 A.
586 495 693 538 versus
719 476 871 539 538-41
896 496 1006 553 agmen
1030 476 1182 536 claudunt.

442 581 474 644 ἕν
499 602 549 667 pot
573 577 717 666 φύλαξον,
740 579 912 658 Μενέλεως,
936 580 993 645 ἀνὰ
1016 584 1143 665 στρατὸν

438 686 550 762 ἐλθών,
575 685 658 766 ὅπως
681 686 717 751 ἂν
740 691 782 774 μὴ
807 685 1064 774 Κλυταιμνήστρα
1086 688 1159 750 τάδε

440 793 537 880 paup,
561 790 738 881 apaf'Aap
763 789 848 859 παῖδ’
874 796 950 881 ἐμὴν
974 795 1103 878 προσθῶ
1127 795 1240 876 λαβὼν,

440 897 480 977 ὡς
504 895 550 964 ἐπ’
576 900 748 986 ἐλαχίστοις
772 903 915 986 &captore
937 902 1067 985 πράσσω
1090 913 1202 977 κακῶς.

306 1009 352 1070 Ne
383 1010 432 1070 hio
467 1007 591 1086 quidem
620 1011 724 1071 eadem
751 1030 801 1072 res
830 1015 929 1074 exstat
963 1017 1052 1089 atque
1080 1012 1132 1070 illo
1160 991 1301 1070 Helenae
1323 1011 1398 1071 loco.

220 1115 339 1176 Etenim
361 1117 444 1194 prius
468 1118 655 1177 enuntiatum
678 1118 767 1178 finale
791 1137 850 1178 non
872 1137 926 1196 per
938 1137 971 1180 se
994 1120 1055 1178 vim
1077 1120 1165 1178 habet
1188 1119 1321 1192 finalem,
1345 1119 1398 1178 sed

219 1219 351 1308 φύλαξον
374 1219 458 1299 ὅπως
480 1227 570 1285 verba
592 1227 741 1287 artissime
761 1227 919 1288 coniuncta
943 1246 1008 1287 eam
1039 1231 1217 1286 structuram
1250 1226 1404 1304 praebent,

222 1351 297 1410 quae
321 1333 413 1392 dividi
435 1351 495 1392 non
518 1334 619 1410 possit.
665 1335 802 1415 Accedit,
837 1337 915 1412 quod
944 1337 1018 1395 haec
1041 1335 1193 1395 enuntiata
1220 1333 1321 1392 finalia
1342 1333 1401 1392 alio

223 1440 375 1500 enuntiato
400 1441 606 1517 seiungrmtur,

312 1547 392 1624 Ergo
421 1567 599 1626 quamquam
627 1554 670 1608 tot
700 1549 851 1610 enuntiata
879 1549 978 1608 finalia
1008 1547 1096 1628 (443)
1119 1549 1197 1626 apud
1226 1547 1402 1624 Euripidem

226 1655 368 1730 leguntur
397 1660 485 1731 atque
522 1656 639 1733 saepius
662 1657 796 1733 proxime
819 1657 927 1735 posita,
961 1656 1079 1715 nullum
1101 1655 1273 1715 invenimus
1296 1653 1403 1732 locum,

224 1763 276 1822 ubi
298 1780 416 1824 merum
438 1763 624 1822 enuntiatum
638 1763 728 1822 finale
751 1763 843 1822 altero
858 1781 940 1823 mero
964 1756 1134 1844 excipiatur,
1156 1761 1239 1820 nulla
1259 1779 1291 1820 re
1315 1761 1405 1819 inter-

224 1870 326 1948 posita
374 1869 475 1944 Qualis
499 1887 568 1930 oum
592 1887 672 1930 unus
696 1871 737 1932 sit
758 1871 892 1931 Helenae
915 1871 1009 1950 locus,
1032 1870 1116 1930 cinus
1140 1887 1247 1929 versus
1272 1872 1312 1930 65
1337 1867 1405 1926 aliis

224 1995 341 2055 quoque
364 1995 403 2036 ex
425 1978 557 2055 partibus
580 1977 710 2052 graviter
732 1978 858 2058 laborat,
885 1996 1007 2037 versum
1032 1980 1072 2038 65
1096 1976 1232 2052 Euripidi
1262 1974 1404 2035 abiudico

315 2084 351 2142 In
367 2103 433 2144 eam
441 2084 575 2145 Helenae
597 2087 761 2146 orationem
784 2086 861 2163 (255
877 2084 961 2164 sqq),
985 2103 1042 2162 qua
1066 2084 1174 2162 quibus
1195 2082 1282 2141 malis
1303 2082 1406 2140 affecta

226 2193 267 2252 sit
282 2197 390 2267 narrat,
412 2193 656 2270 interpolatorum
679 2194 771 2253 libido
781 2198 913 2270 grassata
936 2197 990 2252 est.
1019 2191 1140 2252 Etenim
1163 2209 1220 2267 qua
1243 2190 1354 2248 ratione
1378 2192 1408 2247 et

226 2301 273 2358 via
297 2301 394 2360 omnia
417 2318 452 2360 ea
475 2319 551 2377 quae
574 2301 715 2377 legrmtur
738 2302 816 2361 diota
840 2303 908 2381 sint,
929 2300 1081 2361 neminem
1106 2316 1173 2358 esse
1197 2297 1407 2374 expediturum

196 2421 199 2430 ⁴
224 2425 283 2467 non
305 2409 415 2484 ignoro.
462 2407 564 2468 Talem
587 2415 688 2469 autem
710 2410 908 2470 narrationem
936 2425 995 2485 qua
1022 2407 1155 2466 fortrmas
1185 2423 1253 2464 suas
1280 2421 1406 2481 persona

224 2513 334 2590 primas
356 2531 450 2590 agens
478 2518 577 2590 partes
600 2520 756 2575 enumeret
788 2515 1046 2592 interpolatoribus
1081 2512 1249 2590 complures
1278 2509 1407 2570 addendi

225 2637 312 2678 ansas
335 2620 455 2678 dedisse
477 2613 566 2697 p'atet.
612 2620 690 2679 Nam
712 2625 800 2698 poeta·
821 2621 921 2700 eligit,
954 2638 1003 2680 res
1033 2619 1155 2679 consilio
1185 2636 1238 2677 suo
1266 2622 1349 2694 aptas
1378 2621 1408 2674 et

225 2727 459 2786 accommodatas
494 2732 717 2803 commemorat,
751 2728 808 2787 alia
843 2745 918 2804 quae
951 2727 1075 2786 adrem
1109 2726 1210 2784 minus
1238 2724 1407 2800 pertineant

226 2833 381 2911 praeterit:
421 2833 645 2910 interpolatores
679 2834 712 2892 id
734 2839 852 2913 curant,
890 2851 929 2892 ne
962 2831 1048 2911 poeta
1077 2833 1240 2910 quidquam
1273 2831 1407 2890 videatur

226 2940 371 3013 omisisse,
394 2939 519 3014 addunt,
542 2958 600 3016 qua
622 2944 691 2999 sunt
712 2941 828 3016 ingenii
851 2940 1021 3000 infirmitate
1051 2942 1198 3016 repetunt,
1221 2941 1316 2996 totum
1338 2954 1407 2995 sen·

225 3046 385 3105 tertiarum
399 3063 512 3105 nexum
527 3047 684 3106 obscurant
699 3051 729 3106 et
743 3048 870 3105 turbant.
918 3045 977 3106 Sed
999 3063 1037 3104 ne
1052 3045 1271 3122 praeiudicasse
1293 3061 1408 3127 arguar,

228 3152 404 3228 priusquam
441 3153 479 3212 de
512 3157 572 3211 tota
609 3153 665 3212 hac
699 3153 829 3212 oratione
863 3153 949 3230 plura
980 3151 1183 3230 pronuntiem,
1222 3151 1254 3208 in
1289 3149 1405 3224 singula

229 3259 386 3336 inquiram.

263 3371 264 3375 ’
325 3367 369 3424 Ao
391 3365 521 3442 primum
551 3365 671 3443 quidem
699 3383 805 3425 versus
836 3369 988 3426 257-59
1024 3382 1092 3422 cum
1114 3363 1264 3421 Badhamo
1293 3361 1408 3420 damno.

231 3471 338 3549 Neque
372 3477 471 3532 tamen
504 3472 554 3530 hio
587 3477 639 3532 aut
669 3472 866 3548 interpolandi
900 3471 1044 3531 rationem
1080 3471 1151 3529 satis
1173 3467 1326 3546 perspexit
1357 3471 1409 3526 aut

229 3577 366 3655 Euripidi
391 3577 542 3653 satisfecit,
566 3597 634 3638 oum
649 3578 704 3636 hos
719 3595 825 3637 versus
847 3577 962 3636 monuit
985 3576 1084 3651 ,sciolo
1107 3575 1210 3634 deberi
1233 3574 1284 3651 qui
1299 3593 1326 3632 v.
1346 3576 1408 3634 254

228 3685 302 3764 (256
326 3683 412 3761 ch.)
435 3685 513 3743 male
535 3684 705 3747 intellexit‘.
744 3682 892 3744 Versibus
915 3684 995 3742 enim
1020 3685 1150 3742 256-9
1175 3680 1314 3739 continua
1337 3695 1404 3736 con-

227 3791 339 3850 tinetur
370 3791 565 3867 interpolatio.
612 3785 742 3850 Diversa
775 3791 832 3848 duo
866 3787 1077 3848 miraculorum
1109 3803 1219 3862 genera
1253 3787 1308 3844 hoc
1339 3784 1403 3842 loco

227 3903 393 3971 narrantur,
416 3915 543 3975 quorum
555 3897 638 3974 prius
660 3898 693 3957 in
709 3901 777 3956 nata
800 3882 839 3956 ex
854 3914 908 3954 oro
923 3895 1038 3954 Helena
1060 3894 1189 3970 positum
1205 3896 1260 3966 est,
1283 3891 1410 3950 alterum

228 4019 260 4076 jn
282 4004 357 4062 mira
381 4003 516 4062 eiusdem
550 4004 610 4062 vita
645 4008 675 4062 et
697 4003 821 4062 fortuna.
868 4001 933 4061 Hoc
963 4001 1091 4060 alterum
1118 4004 1178 4059 tota
1207 3998 1336 4058 oratione
1359 4013 1410 4055 ex-

228 4110 369 4189 plicatur,
402 4128 493 4170 versu
515 4109 607 4186 igitur
632 4114 696 4170 260
719 4109 810 4168 totius
833 4108 972 4168 orationis
1002 4108 1086 4185 quasi
1108 4110 1316 4182 argumentum
1344 4121 1410 4179 pro·

229 4218 358 4298 ponitur.
405 4215 463 4276 Sed
492 4217 575 4297 prius
597 4216 775 4275 miraculum
803 4215 945 4275 hocloco
975 4214 1062 4292 plane
1086 4215 1221 4290 ineptum
1243 4216 1289 4272 est
1311 4227 1409 4286 neque

232 4326 293 4386 eni
314 4327 429 4403 potest.
453 4323 519 4383 lam
540 4329 575 4382 ut
597 4340 688 4382 versu
713 4326 777 4383 260
806 4316 897 4400 τὲρας
919 4319 975 4399 τὰρ
1001 4315 1017 4380 ὁ
1042 4319 1105 4399 βίος
1127 4317 1179 4379 καὶ
1201 4317 1239 4377 τὰ
1262 4308 1408 4398 πράγματ’
