3194 4900
813 300 853 356 22

236 506 314 568 nihil
335 499 425 566 aliud
441 507 614 585 impetratur
636 509 697 568 nisi
718 526 757 569 ne
772 509 856 570 fratri
877 509 930 570 illa
953 511 1083 572 Menelai
1097 499 1264 572 'adventum
1284 513 1409 588 nuntiet,

237 632 277 674 ex
299 633 357 691 quo
379 613 501 674 demum
535 616 621 693 quasi
643 617 835 678 fundamento
858 619 982 678 consilia
1010 637 1114 697 capere
1146 620 1249 680 licebit
1270 621 1308 681 de
1332 638 1410 681 com·

237 721 321 780 muni
345 721 450 801 salute,
473 721 511 783 de
533 722 650 783 Helena
671 723 822 784 reddenda
843 725 919 785 fiunt
940 725 1068 806 plurima
1089 727 1189 806 rerba,
1211 745 1280 787 cum
1302 727 1334 785 in
1355 728 1410 787 hac

236 835 271 888 11
292 819 437 890 iustitiam
459 834 491 890 et
512 831 653 907 pietatem
675 831 785 890 mirum
807 831 840 889 in
861 831 983 891 modum
1005 831 1051 890 illi
1073 831 1213 892 adhibere
1235 833 1351 910 possint
1372 834 1410 893 ad

236 935 462 1013 impetrandum.
507 936 613 1014 Neque
635 937 712 996 illud
740 938 819 1016 quod
846 939 884 998 de
911 939 972 998 vita
1000 957 1066 999 sese
1094 957 1163 998 cum
1192 939 1409 1016 Theoclymeno
1458 999 1462 1006 .

236 1060 304 1103 esse
326 1043 547 1104 decertabimm
570 1045 723 1107 Menelaus
738 1046 875 1106 versibus
891 1049 1021 1132 97559
1045 1046 1175 1107 minatur
1197 1048 1410 1108 adservandos

236 1167 293 1209 eos
309 1167 425 1230 versus,
447 1151 610 1229 dequibus
632 1151 850 1231 proscribendis
865 1153 991 1232 agimus
1012 1153 1113 1212 afferri
1127 1157 1234 1234 potest,
1256 1154 1411 1215 Theonoae

238 1256 320 1316 enim
342 1259 498 1319 terrendae
532 1277 622 1319 causa
655 1257 689 1320 id
710 1259 807 1336 ipsum
831 1260 927 1322 finxit.
972 1259 1166 1338 Interpolator
1193 1280 1262 1322 cum
1284 1262 1409 1338 gloriam

237 1361 393 1450 Troianam
415 1366 575 1426 celebravit
589 1367 764 1427 meminisse
777 1367 896 1428 videtur
918 1385 987 1428 oum
1008 1387 1036 1428 1.
1053 1371 1116 1430 806
1140 1373 1206 1429 tum
1219 1387 1247 1432 1.
1266 1373 1329 1431 948
1348 1387 1407 1448 sq:

272 1471 357 1550 [845]
383 1470 418 1533 τὸ
442 1465 579 1552 Τρωικὸν
601 1470 658 1554 γὰρ
681 1467 716 1534 cd
739 1481 933 1556 καταισχυνῶ
955 1469 1046 1548 κλέος

282 1580 346 1639 806
370 1574 465 1640 λιπών
488 1596 539 1658 σε;
565 1573 675 1661 Τροίαν
698 1573 848 1660 ἐξέπερσα
871 1579 927 1663 σὴν
948 1577 1047 1662 χάριν.

283 1687 346 1745 948
361 1703 404 1762 sq.
416 1685 470 1768 τ’ρν
488 1679 599 1766 Τροίαν
610 1685 667 1768 γὰρ
680 1681 717 1748 ἂν
729 1683 823 1748 δειλοὶ
837 1683 990 1770 γενόμενοι
1001 1683 1142 1749 πλεῖστον
1160 1680 1352 1771 αἰσχύνοιμεν
1365 1683 1411 1767 ἄν,

236 1789 335 1869 Atque
358 1793 513 1852 materiam
536 1792 692 1868 Troianam
716 1794 843 1871 sumpsit
864 1794 901 1853 ab
922 1792 1051 1854 Homero
1075 1811 1101 1870 q,
1127 1797 1190 1855 109
1215 1811 1293 1872 sqq:

349 1912 429 1978 ἔνθα
453 1918 507 2000 μὲν
530 1911 624 1991 Αἴας
646 1921 743 1978 κεῖται
766 1911 880 2000 ἀρήιος,
904 1913 982 1977 ἔνθα
1004 1909 1038 1976 δ’
1057 1909 1271 1999 Ἀχιλλεύς,

350 2019 430 2086 ἔνθα
454 2021 487 2084 δὲ
511 2018 691 2107 Πάτροκλος
713 2021 822 2109 θεόφιν
846 2020 971 2107 μήστωρ
995 2018 1170 2099 ἀτάλαντος,

348 2127 426 2192 ἔνθα
449 2124 479 2192 δ’
505 2128 578 2214 ἐμὸς
601 2129 686 2217 φίλος
708 2126 781 2212 υἱός,
805 2125 869 2215 ἅμα
890 2131 1034 2214 κρατερὸς
1055 2130 1107 2193 καὶ
1130 2128 1266 2216 &phaora

350 2229 582 2320 Ἀντίλοχος,
605 2237 675 2321 περὶ
698 2239 753 2322 μὲν
776 2235 870 2300 θείειν
893 2237 989 2320 ταχὺς
1011 2231 1069 2321 ἠδὲ
1093 2233 1243 2321 μαχητής.

244 2349 248 2354 ’
328 2343 467 2404 Ceterum
488 2345 665 2422 interpolata
687 2345 846 2406 dictionem
868 2343 1060 2422 Euripideam
1082 2345 1236 2423 resipiant,
1259 2345 1295 2407 cf.
1319 2344 1411 2405 Andr.

239 2453 336 2528 8sq.,
361 2455 424 2512 399
450 2470 504 2533 sq,
538 2456 612 2528 410,
647 2457 787 2514 611-4.
833 2452 956 2528 Singula
989 2469 1062 2512 vcro
1096 2453 1134 2512 ad
1156 2454 1255 2513 locum
1287 2452 1325 2512 de
1354 2471 1412 2531 quo

238 2557 357 2633 agimus
382 2557 501 2618 omnino
523 2577 584 2619 non
607 2559 759 2638 quadrant
804 2557 849 2618 Ac
870 2557 1001 2636 primum
1023 2559 1147 2636 quidem
1169 2559 1262 2635 gloria
1284 2559 1413 2619 Menelai

189 2714 191 2724 .
241 2662 366 2724 Troiana
388 2665 489 2726 hercle
522 2670 652 2725 nonest
675 2667 770 2744 posita
792 2665 824 2723 in
846 2665 955 2725 talibus
978 2666 1081 2740 rebus,
1120 2664 1199 2743 quod
1222 2664 1330 2724 Thetin
1352 2645 1414 2724 filio

238 2770 375 2850 privavit,
398 2772 602 2834 Telamonium
635 2773 757 2834 Aiacem
792 2772 850 2833 sibi
880 2774 980 2850 ipsum
1002 2790 1108 2832 manus
1131 2763 1306 2833 afferentem
1339 2771 1415 2832 sidit

242 2878 462 2960 Nestoremque
485 2882 598 2957 orbum,
622 2881 676 2941 sed
699 2881 777 2959 quod
799 2881 893 2940 multa
915 2885 983 2941 ante
1006 2881 1124 2940 Troiam
1146 2879 1297 2958 praeclare
1319 2879 1415 2956 gessit

241 2981 369 3064 eamque
391 2988 478 3064 oepit.
525 2987 585 3048 Sed
609 2988 636 3047 si
658 2989 726 3066 quis
742 2989 833 3070 ψόγον
857 2986 946 3065 (8461
969 2987 1003 3046 in
1016 2987 1064 3046 his
1087 2987 1176 3046 rebus
1199 2985 1282 3046 cerni
1296 2985 1414 3059 dixerit,

238 3098 273 3152 ut
295 3093 405 3171 quippe
427 3094 480 3172 qui
502 3094 578 3154 illud
594 3095 707 3154 bellum
730 3093 843 3172 suscipi
856 3093 995 3153 iussisset
1016 3093 1164 3153 Achillem
1179 3096 1210 3152 11
1224 3091 1415 3152 Antilochum

240 3217 294 3277 pro
317 3217 353 3260 eo
375 3217 524 3278 pugnasse
547 3205 578 3260 et
601 3201 747 3260 cecidisse
769 3200 984 3274 concedamus,¹
1007 3199 1171 3260 Telamonii
1192 3202 1294 3258 tamen
1315 3198 1414 3258 Aiacis

239 3307 343 3367 mortis
377 3308 492 3367 abhoc
524 3308 589 3386 ipso
608 3309 765 3368 'conscitae
787 3307 874 3386 culpa
908 3307 937 3366 ei
963 3306 1047 3366 nullo
1069 3306 1156 3366 modo
1189 3305 1280 3366 tribui
1308 3309 1413 3383 potest.

239 3413 370 3475 Maxime
382 3418 483 3475 111111
494 3414 625 3490 offendit,
650 3415 728 3492 quod
742 3414 830 3506 Nelei
844 3416 924 3475 filius
939 3415 990 3475 vel
1004 3414 1113 3475 Nestor
1126 3414 1299 3492 perhibetur
1321 3407 1415 3486 ἄπαις

242 3520 378 3598 (Bothius
401 3521 500 3582 verbis
521 3517 652 3603 Νηλέως
674 3513 699 3583 τ’
724 3516 838 3583 ἄπαιδα
859 3541 912 3600 pro
933 3521 1136 3600 inexplicabili
1158 3520 1302 3580 librorum
1324 3519 1416 3598 scrip-

242 3631 308 3686 tura
330 3627 382 3691 τὸν
406 3622 533 3712 Θησέως
543 3645 578 3689 τε
593 3625 689 3690 παῖδα
698 3627 722 3708 1)
746 3630 896 3709 coniectis,
919 3630 947 3689 si
968 3629 1056 3690 illurn
1070 3629 1169 3688 locum
1190 3623 1314 3687 Homeri
1336 3644 1415 3686 com-

239 3753 385 3813 paramus,
400 3737 553 3814 pristinam
568 3736 802 3815 interpolationis
811 3736 935 3796 formam
949 3737 1066 3796 ridetur
1077 3732 1265 3813 restituisse).
1287 3733 1416 3794 Fuerant

240 3844 322 3904 enim
345 3844 374 3904 ei
404 3850 474 3905 ante
495 3845 609 3905 bellum
632 3843 792 3904 Troianum
825 3849 941 3923 septem
966 3845 1038 3920 filii,
1073 3862 1091 3928 1
1117 3843 1225 3921 quibus
1253 3860 1322 3901 curn
1348 3841 1415 3915 duo,

242 3951 419 4012 Antilochus
441 3955 473 4011 et
495 3950 723 4028 Thrasymedes
756 3952 794 4012 ad
816 3953 871 4012 hoc
893 3953 991 4031 ipsum
1013 3951 1128 4012 bellum
1160 3949 1284 4028 profecti
1306 3952 1416 4024 essent,

244 4059 308 4135 illa,
330 4059 479 4120 maximus
501 4063 581 4135 natu,
604 4059 790 4121 aMemnone
812 4059 986 4119 interiectus
1002 4063 1058 4134 est,
1080 4057 1130 4118 hic
1141 4057 1262 4116 domum
1284 4053 1414 4125 revertit,
1438 4049 1439 4056 '

312 4303 335 4371 ¹)
353 4303 469 4358 Acamas
489 4304 517 4357 et
533 4301 702 4374 Demophon,
720 4302 818 4358 Thesei
834 4301 894 4371 filii,
922 4301 994 4372 apud
1012 4299 1158 4356 Homerum
1175 4317 1228 4356 non
1248 4315 1415 4355 commemo·

240 4393 300 4463 rati,
319 4409 334 4448 e
352 4392 422 4448 hello
440 4393 552 4450 Troiano
571 4394 679 4449 domum
697 4395 842 4463 redienmt,
862 4393 895 4448 of.
915 4391 982 4449 Hac.
1001 4391 1054 4446 123
1072 4393 1100 4446 11
1117 4391 1181 4448 Her.
1201 4391 1261 4460 115,
1281 4390 1341 4445 119.
