3194 4900
782 276 820 331 12

205 497 386 556 quamquam
409 479 585 558 1010111011
615 485 704 560 atque
733 488 793 542 tam
822 485 938 563 gratia,
972 489 1006 544 ut
1039 485 1136 544 sanari
1170 502 1230 544 000
1264 484 1387 562 possint,

205 586 286 645 hunc
307 585 409 646 locum
431 585 558 665 foedant,
580 593 791 664 argumentum
814 596 914 651 tamen
937 590 1084 668 scrupulis
1108 591 1171 650 sive
1194 590 1385 649 manentibus

205 692 271 751 sive
295 692 419 752 sublatis
443 711 482 754 ex
504 711 606 753 rerum
627 702 733 756 natura
756 697 813 757 hoc
835 698 987 774 colligitur
1011 699 1075 757 sino
1105 698 1207 760 dubio:
1244 697 1384 772 ,Helenae

204 798 239 856 in
266 797 390 874 patriam
418 816 555 859 reversae
584 799 752 862 timendum
780 808 839 878 est,
874 822 913 864 ne
946 804 998 862 1110
1026 803 1142 864 Ηο1000
1176 821 1252 881 quae
1282 802 1385 863 Troiae

204 905 295 965 fuerit
316 905 423 980 habita,
446 906 524 983 quod
547 905 629 966 illius
652 908 725 968 belli
747 911 837 987 atque
861 915 905 970 101
927 916 1134 988 tantarumque
1147 910 1283 971 caedium
1298 910 1385 987 eulpa

205 1011 238 1069 in
261 1011 326 1088 ipsa
350 1012 401 1091 sit,
423 1030 441 1070 a
464 1012 578 1072 01011000
606 1014 690 1074 iratis
718 1017 875 1077 moenibus
902 1015 1095 1077 excludatur’.
1142 1017 1210 1076 Alia
1239 1017 1385 1077 sententia

205 1119 252 1177 his
275 1119 413 1183 versibus
437 1121 560 1180 subesse
583 1122 700 1198 nequit,
729 1123 853 1184 minime
876 1142 926 1203 ea,
955 1142 1046 1200 quam
1072 1123 1165 1182 inrita
1194 1124 1384 1199 grammatica

204 1225 240 1287 G.
263 1225 457 1285 Hermannus
479 1227 543 1286 loco
566 1226 740 1289 inculcarit:
767 1230 807 1303 ‚in
829 1247 979 1289 carcerem
1003 1248 1036 1289 00
1059 1230 1226 1290 coniectum
1248 1229 1287 1288 iri
1302 1235 1385 1306 putat

203 1333 333 1406 Helena,
369 1333 463 1410 quod,
497 1333 524 1392 si
547 1333 612 1394 siue
635 1334 770 1396 Menelao
805 1337 918 1411 veniat,
955 1336 1093 1414 Spartani
1123 1355 1188 1396 eam
1211 1355 1271 1396 000
1293 1337 1384 1411 illam,

203 1457 282 1518 quae
306 1438 409 1499 Troiae
432 1439 531 1519 fuerit,
555 1458 644 1517 quam
666 1441 725 1518 ipsi
747 1460 848 1502 ueram
871 1459 939 1503 esse
962 1442 1110 1502 Helenam
1133 1443 1300 1517 credebant,
1331 1444 1384 1504 sed

202 1564 273 1606 esse
295 1547 384 1606 aliam
407 1547 573 1621 mulierem,
596 1566 672 1625 quae
694 1548 731 1607 ob
746 1548 857 1609 formae
874 1549 1100 1609 similitudinem
1115 1549 1249 1610 Helenae
1272 1567 1382 1609 nomen

204 1654 379 1726 mentiatur,
413 1654 611 1740 existimaturi
629 1654 720 1715 -sint’.
766 1655 801 1714 Id
825 1657 903 1732 quod
924 1655 1109 1732 Hartungius
1134 1676 1161 1734 p.
1187 1660 1249 1718 202
1275 1657 1384 1733 optime

203 1760 350 1820 refutavit.
395 1760 451 1818 Illa
475 1761 630 1835 sententia,
654 1779 743 1839 quam
765 1780 856 1821 unam
878 1761 949 1821 huic
971 1762 1035 1821 loco
1058 1763 1158 1822 inesse
1175 1779 1262 1840 00000
1274 1763 1383 1837 monui,

204 1867 231 1926 01
254 1865 350 1943 ipsam
374 1871 557 1945 spectamus,
579 1871 660 1926 recta
682 1871 742 1927 est:
779 1867 876 1926 aliena
899 1872 930 1927 01
951 1868 1066 1945 inepta,
1096 1868 1122 1926 01
1145 1869 1292 1945 quomodo
1315 1886 1383 1927 eum

202 1973 365 2050 posteriora
396 1977 461 2031 tum
494 1974 591 2051 priora
630 1992 699 2033 cum
733 1974 780 2034 his
815 1973 953 2034 versibus
988 1976 1165 2034 cohaereant
1203 1975 1381 2052 quaerimus,

203 2079 318 2140 Helena
353 2097 459 2139 unam
493 2080 667 2153 salutem,
704 2099 794 2158 quam
820 2099 939 2159 sperare
966 2083 1026 2159 ipsi
1047 2082 1169 2160 liceret,
1202 2082 1234 2140 in
1257 2085 1382 2157 coniuge

203 2186 335 2246 redituro
357 2186 493 2264 positam,
516 2205 586 2247 cum
609 2192 723 2247 mortuo
747 2188 871 2266 periisse
894 2188 1032 2248 versibus
1060 2191 1201 2249 277-9
1226 2188 1381 2264 perspicue

202 2293 287 2353 dixit.
334 2293 449 2353 Deinde
474 2312 549 2371 quae
579 2295 656 2354 mala
686 2296 748 2355 suis
777 2295 939 2355 acciderint
967 2300 1076 2382 narrat.
1122 2295 1185 2353 Iam
1214 2312 1284 2355 vero
1311 2295 1382 2371 quid

203 2417 283 2458 nunc
318 2399 470 2477 sequitur?
515 2399 550 2458 Id
581 2418 688 2476 magna
722 2418 762 2461 ex
794 2406 876 2477 parte
909 2400 1048 2473 affirmat,
1084 2399 1162 2476 quod
1193 2399 1280 2476 paulo
1314 2404 1382 2458 ante

203 2510 305 2582 aperte
335 2510 365 2565 et
393 2506 480 2583 plane
515 2510 682 2582 negaverat.
728 2506 869 2566 Raditum
901 2507 982 2565 enim
1013 2505 1096 2583 ponit
1129 2511 1282 2582 tamquam
1315 2523 1382 2564 con-

201 2611 434 2692 0000001287),
457 2620 617 2690 negaverat
639 2618 739 2673 autem
762 2613 849 2690 paulo
872 2619 941 2674 ante
964 2631 1083 2673 ornnem
1107 2613 1240 2673 salutem.
1280 2612 1382 2690 Itaque

201 2738 273 2779 cum
296 2737 357 2779 000
380 2720 418 2779 011
441 2721 572 2795 dubium,
596 2721 668 2798 quin
691 2719 807 2780 reditus
829 2738 936 2796 magna
959 2720 1063 2780 salutis
1087 2737 1154 2797 pars
1179 2720 1225 2794 sit,
1250 2719 1381 2796 sibiipsi

200 2827 453 2887 contradicentem
476 2845 543 2887 eam
565 2827 715 2886 hahemus.
748 2826 833 2886 Cur
855 2827 915 2885 1010
939 2826 1011 2902 quid
1033 2825 1134 2902 ponit?
1164 2830 1197 2885 01
1219 2825 1295 2884 hano
1311 2843 1381 2902 quo-

201 2951 261 3012 que
285 2951 369 3012 spem
392 2935 497 2994 eodem
519 2934 591 2993 vitio
613 2934 745 2994 laborare
776 2938 903 3010 exponat
932 2938 1021 3010 atque
1050 2933 1179 3010 priorem
1204 2933 1264 2992 iam
1292 2951 1381 3008 nega-

201 3045 264 3102 tam
287 3039 453 3120 (277-9)
483 3045 572 3117 atque
601 3040 726 3100 eandem
755 3041 791 3100 ob
822 3057 941 3099 causam
963 3040 1026 3100 fore
1050 3044 1083 3097 ut
1105 3039 1179 3099 haec
1202 3056 1320 3116 quoque
1343 3039 1381 3097 ad

201 3148 320 3206 irritum
343 3147 434 3208 cadat.
479 3145 558 3206 Nam
580 3151 611 3206 01
632 3146 685 3206 illo
708 3151 738 3206 01
760 3147 816 3206 hoo
838 3147 902 3206 loco
926 3165 995 3206 eum
1017 3149 1133 3205 mortuo
1156 3144 1291 3204 Menelao
1322 3150 1381 3204 tota

202 3271 272 3331 spes
295 3253 502 3330 exstinguitur.
550 3252 666 3312 Versus
689 3256 790 3312 autem
815 3256 961 3331 aso-2,
992 3252 1018 3310 si
1041 3269 1162 3310 versum
1188 3255 1251 3312 279
1277 3252 1381 3311 subse-

201 3365 380 3437 querentur,
416 3377 499 3437 spem
533 3360 669 3420 versibus
694 3363 756 3420 277
783 3375 826 3437 sq.
862 3359 1040 3436 propositam
1073 3362 1154 3418 recte
1190 3358 1380 3435 explicarent.

277 3621 299 3689 1)
318 3621 359 3674 Ao
377 3621 496 3689 primum
515 3619 625 3690 quidem
643 3635 690 3686 pro
710 3617 755 3674 ὑπ’
772 3617 841 3690 Ἰλίῳ
860 3617 936 3688 (vide
954 3616 1134 3684 Badhamum)
1160 3613 1206 3670 ἀπ’
1224 3613 1300 3670 ’Ilico
1318 3633 1382 3671 eum

202 3709 326 3764 Nauckio
347 3708 518 3764 scribendum
537 3711 587 3764 est.
613 3709 718 3763 Deinde
737 3707 902 3776 ,Euripidem
921 3706 1003 3760 verba
1021 3709 1075 3759 tam
1093 3705 1193 3774 vicina„
1214 3703 1380 3777 εἰργοίμεσθα

201 3807 231 3854 01
253 3804 402 3868 δοκοῦντες,
431 3799 464 3852 de
492 3798 610 3854 diversis
634 3798 757 3867 personis
775 3797 907 3866 posuisse'
939 3811 1001 3851 cum
1029 3795 1166 3850 Badhamo
1194 3811 1272 3864 nego.
1312 3795 1379 3849 Tum

200 3887 307 3958 Ἑλένην
325 3888 445 3943 Μενέλεώ
465 3886 490 3955 μ’
509 3888 596 3944 ἐλθεῖν
624 3894 689 3956 μέτα
713 3888 796 3942 rerba
818 3886 980 3956 pravissima
1003 3886 1077 3940 viros
1101 3887 1214 3940 criticos
1239 3885 1379 3939 emendare

202 3979 343 4033 studentes
366 3977 506 4032 eluserunt
529 3993 687 4046 semperque
716 3975 834 4031 eludent.
872 3973 976 4030 Versus
994 3975 1045 4028 291
1077 3991 1092 4028 0
1116 3976 1229 4028 metrica
1257 3975 1380 4029 abhorret

202 4083 290 4136 neque
308 4067 393 4122 ullam
411 4065 499 4120 adhue
519 4065 636 4121 salutem
654 4081 690 4119 ex
710 4065 793 4118 variis
812 4063 976 4118 coniecturis
1001 4064 1098 4116 nactus
1121 4065 1164 4118 est
1188 4065 1235 4116 001
1259 4079 1380 4134 unquam

202 4156 382 4211 nanciscetur.
419 4154 559 4209 Postremo
583 4169 680 4208 vorsus
705 4153 757 4207 292
780 4160 812 4206 ut
834 4152 925 4206 verbis
951 4151 1069 4206 abundat
1087 4152 1125 4207 ita
1144 4152 1307 4207 sententiam
1325 4167 1378 4206 000

203 4246 313 4314 praebet
330 4244 386 4299 nisi
403 4243 559 4313 languidam
577 4259 691 4312 eamque
710 4245 864 4312 repetitam,
889 4242 1023 4296 dividitur
1047 4242 1119 4296 enim
1143 4243 1173 4296 in
1197 4243 1264 4298 duas
1290 4245 1380 4311 partes

202 4351 317 4404 quarum
336 4338 449 4404 utraque
469 4333 581 4388 eandem
599 4335 654 4388 fere
673 4349 730 4386 rem
749 4334 877 4387 continet.
