<?xml version="1.0" encoding="UTF-8"?>
<!DOCTYPE html PUBLIC "-//W3C//DTD XHTML 1.0 Transitional//EN"
    "http://www.w3.org/TR/xhtml1/DTD/xhtml1-transitional.dtd">
<html xmlns="http://www.w3.org/1999/xhtml" xml:lang="en" lang="en">
 <head>
  <title>
</title>
<meta http-equiv="Content-Type" content="text/html;charset=utf-8" />
  <meta name='ocr-system' content='tesseract 3.04.00' />
  <meta name='ocr-capabilities' content='ocr_page ocr_carea ocr_par ocr_line ocrx_word'/>
</head>
<body>
  <div class='ocr_page' id='page_1' title='image "./denonnullishele00gogugoog_0023.png"; bbox 0 0 3194 4900; ppageno 0'>
   <div class='ocr_carea' id='block_1_1' title="bbox 204 276 1385 2484">
    <p class='ocr_par' dir='ltr' id='par_1_1' title="bbox 777 276 816 332">
     <span class='ocr_line' id='line_1_1' title="bbox 777 276 816 332; baseline 0 0"><span class='ocrx_word' id='word_1_1' title='bbox 777 276 816 332; x_wconf 87' lang='grc'>16</span> 
     </span>
    </p>

    <p class='ocr_par' dir='ltr' id='par_1_2' title="bbox 204 483 1384 671">
     <span class='ocr_line' id='line_1_2' title="bbox 296 483 1384 562; baseline 0 -18"><span class='ocrx_word' id='word_1_2' title='bbox 296 484 327 562; x_wconf 81' lang='lat'>2)</span> <span class='ocrx_word' id='word_1_3' title='bbox 350 484 477 560; x_wconf 87' lang='lat' dir='ltr'>fortuna,</span> <span class='ocrx_word' id='word_1_4' title='bbox 501 501 577 562; x_wconf 90' lang='lat' dir='ltr'>quae</span> <span class='ocrx_word' id='word_1_5' title='bbox 600 501 666 543; x_wconf 90' lang='lat' dir='ltr'>eam</span> <span class='ocrx_word' id='word_1_6' title='bbox 689 487 798 562; x_wconf 90' lang='lat' dir='ltr'>manet,</span> <span class='ocrx_word' id='word_1_7' title='bbox 822 483 993 560; x_wconf 82' lang='lat' dir='ltr'>coniugium</span> <span class='ocrx_word' id='word_1_8' title='bbox 1015 487 1062 544; x_wconf 88' lang='lat' dir='ltr'>est</span> <span class='ocrx_word' id='word_1_9' title='bbox 1084 501 1153 543; x_wconf 86' lang='lat' dir='ltr'>oum</span> <span class='ocrx_word' id='word_1_10' title='bbox 1174 483 1238 544; x_wconf 81' lang='lat' dir='ltr'>viro</span> <span class='ocrx_word' id='word_1_11' title='bbox 1261 485 1384 544; x_wconf 89' lang='lat' dir='ltr'>barbaro</span> 
     </span>
     <span class='ocr_line' id='line_1_3' title="bbox 204 589 1017 671; baseline 0.002 -21"><span class='ocrx_word' id='word_1_12' title='bbox 204 591 378 671; x_wconf 89' lang='lat' dir='ltr'>ineundum,</span> <span class='ocrx_word' id='word_1_13' title='bbox 401 592 481 670; x_wconf 91' lang='lat' dir='ltr'>quod</span> <span class='ocrx_word' id='word_1_14' title='bbox 504 591 634 652; x_wconf 80' lang='lat' dir='ltr'><strong>maxime</strong></span> <span class='ocrx_word' id='word_1_15' title='bbox 657 591 830 652; x_wconf 81' lang='lat' dir='ltr'>reformidat</span> <span class='ocrx_word' id='word_1_16' title='bbox 853 589 1017 670; x_wconf 80' lang='grc'><strong>(294-7).</strong></span> 
     </span>
    </p>

    <p class='ocr_par' dir='ltr' id='par_1_3' title="bbox 205 697 1384 990">
     <span class='ocr_line' id='line_1_4' title="bbox 293 697 1384 775; baseline -0.001 -18"><span class='ocrx_word' id='word_1_17' title='bbox 293 697 382 758; x_wconf 92' lang='lat' dir='ltr'>Nuno</span> <span class='ocrx_word' id='word_1_18' title='bbox 409 697 533 759; x_wconf 91' lang='lat' dir='ltr'>demum</span> <span class='ocrx_word' id='word_1_19' title='bbox 566 715 631 758; x_wconf 95' lang='lat' dir='ltr'>rem</span> <span class='ocrx_word' id='word_1_20' title='bbox 659 697 767 756; x_wconf 91' lang='lat' dir='ltr'>miram</span> <span class='ocrx_word' id='word_1_21' title='bbox 796 697 838 756; x_wconf 87' lang='lat' dir='ltr'>ita</span> <span class='ocrx_word' id='word_1_22' title='bbox 866 697 1009 774; x_wconf 85' lang='lat' dir='ltr'>explicat,</span> <span class='ocrx_word' id='word_1_23' title='bbox 1043 702 1078 758; x_wconf 93' lang='lat' dir='ltr'>ut</span> <span class='ocrx_word' id='word_1_24' title='bbox 1099 697 1217 775; x_wconf 85' lang='lat' dir='ltr'>eulpam</span> <span class='ocrx_word' id='word_1_25' title='bbox 1251 697 1384 757; x_wconf 91' lang='lat' dir='ltr'>omnium</span> 
     </span>
     <span class='ocr_line' id='line_1_5' title="bbox 205 801 1384 882; baseline 0.001 -20"><span class='ocrx_word' id='word_1_26' title='bbox 205 803 351 863; x_wconf 90' lang='lat' dir='ltr'>malorum</span> <span class='ocrx_word' id='word_1_27' title='bbox 373 801 590 880; x_wconf 77' lang='lat' dir='ltr'>pulchritrdini</span> <span class='ocrx_word' id='word_1_28' title='bbox 616 821 687 864; x_wconf 86' lang='lat' dir='ltr'>suae</span> <span class='ocrx_word' id='word_1_29' title='bbox 710 803 826 862; x_wconf 86' lang='lat' dir='ltr'>tribuat.</span> <span class='ocrx_word' id='word_1_30' title='bbox 873 801 985 863; x_wconf 82' lang='lat' dir='ltr'>Tamen</span> <span class='ocrx_word' id='word_1_31' title='bbox 1014 804 1175 864; x_wconf 80' lang='lat' dir='ltr'><strong>etiamnum</strong></span> <span class='ocrx_word' id='word_1_32' title='bbox 1202 803 1384 882; x_wconf 87' lang='lat' dir='ltr'>propositum</span> 
     </span>
     <span class='ocr_line' id='line_1_6' title="bbox 205 908 1121 990; baseline 0 -21"><span class='ocrx_word' id='word_1_33' title='bbox 205 910 360 990; x_wconf 77' lang='lat' dir='ltr'>retinetur,</span> <span class='ocrx_word' id='word_1_34' title='bbox 382 927 454 971; x_wconf 89' lang='lat' dir='ltr'>nam</span> <span class='ocrx_word' id='word_1_35' title='bbox 477 911 551 970; x_wconf 86' lang='lat' dir='ltr'>haee</span> <span class='ocrx_word' id='word_1_36' title='bbox 574 927 692 988; x_wconf 90' lang='lat' dir='ltr'>quoque</span> <span class='ocrx_word' id='word_1_37' title='bbox 715 926 765 970; x_wconf 90' lang='lat' dir='ltr'>res</span> <span class='ocrx_word' id='word_1_38' title='bbox 788 913 836 969; x_wconf 91' lang='lat' dir='ltr'>est</span> <span class='ocrx_word' id='word_1_39' title='bbox 857 926 933 969; x_wconf 89' lang='lat' dir='ltr'>nova</span> <span class='ocrx_word' id='word_1_40' title='bbox 956 908 1121 988; x_wconf 78' lang='lat'>(303-5).</span> 
     </span>
    </p>

    <p class='ocr_par' dir='ltr' id='par_1_4' title="bbox 205 1015 1385 2053">
     <span class='ocr_line' id='line_1_7' title="bbox 295 1015 1382 1095; baseline 0.002 -21"><span class='ocrx_word' id='word_1_41' title='bbox 295 1016 422 1075; x_wconf 88' lang='lat' dir='ltr'>Paulum</span> <span class='ocrx_word' id='word_1_42' title='bbox 456 1034 634 1093; x_wconf 84' lang='lat' dir='ltr'>progressus</span> <span class='ocrx_word' id='word_1_43' title='bbox 667 1016 700 1075; x_wconf 92' lang='lat' dir='ltr'>in</span> <span class='ocrx_word' id='word_1_44' title='bbox 734 1016 816 1076; x_wconf 85' lang='lat' dir='ltr'>ohori</span> <span class='ocrx_word' id='word_1_45' title='bbox 850 1015 1032 1077; x_wconf 81' lang='lat' dir='ltr'>oratiuncula</span> <span class='ocrx_word' id='word_1_46' title='bbox 1066 1017 1142 1095; x_wconf 88' lang='grc'><strong>(317</strong></span> <span class='ocrx_word' id='word_1_47' title='bbox 1176 1015 1252 1094; x_wconf 80' lang='lat' dir='ltr'>sqq.)</span> <span class='ocrx_word' id='word_1_48' title='bbox 1287 1016 1382 1076; x_wconf 87' lang='lat' dir='ltr'>haesi.</span> 
     </span>
     <span class='ocr_line' id='line_1_8' title="bbox 206 1111 1381 1205; baseline 0.003 -26"><span class='ocrx_word' id='word_1_49' title='bbox 206 1121 322 1182; x_wconf 79' lang='lat' dir='ltr'>Versus</span> <span class='ocrx_word' id='word_1_50' title='bbox 347 1126 410 1183; x_wconf 88' lang='lat'>318</span> <span class='ocrx_word' id='word_1_51' title='bbox 448 1122 596 1198; x_wconf 83' lang='lat' dir='ltr'>genetivis</span> <span class='ocrx_word' id='word_1_52' title='bbox 618 1121 772 1182; x_wconf 88' lang='lat' dir='ltr'>abundans</span> <span class='ocrx_word' id='word_1_53' title='bbox 795 1122 980 1182; x_wconf 89' lang='lat' dir='ltr'>enuntiatum</span> <span class='ocrx_word' id='word_1_54' title='bbox 1002 1123 1163 1183; x_wconf 80' lang='lat' dir='ltr'>relativum</span> <span class='ocrx_word' id='word_1_55' title='bbox 1196 1118 1216 1205; x_wconf 81' lang='grc' dir='ltr'>ἢ</span> <span class='ocrx_word' id='word_1_56' title='bbox 1239 1121 1276 1181; x_wconf 88' lang='grc' dir='ltr'>τὰ</span> <span class='ocrx_word' id='word_1_57' title='bbox 1299 1111 1381 1183; x_wconf 83' lang='grc' dir='ltr'>πάντ’</span> 
     </span>
     <span class='ocr_line' id='line_1_9' title="bbox 208 1222 1385 1312; baseline 0 -24"><span class='ocrx_word' id='word_1_58' title='bbox 208 1222 365 1290; x_wconf 76' lang='grc' dir='ltr'>ἐπίσταται</span> <span class='ocrx_word' id='word_1_59' title='bbox 387 1228 603 1290; x_wconf 81' lang='lat' dir='ltr'>molestissime</span> <span class='ocrx_word' id='word_1_60' title='bbox 628 1230 759 1306; x_wconf 86' lang='lat' dir='ltr'>seiungit</span> <span class='ocrx_word' id='word_1_61' title='bbox 780 1249 798 1290; x_wconf 92' lang='lat' dir='ltr'>a</span> <span class='ocrx_word' id='word_1_62' title='bbox 821 1223 955 1312; x_wconf 83' lang='grc' dir='ltr'>Θεονόης</span> <span class='ocrx_word' id='word_1_63' title='bbox 977 1229 1112 1290; x_wconf 90' lang='lat' dir='ltr'>nomine:</span> <span class='ocrx_word' id='word_1_64' title='bbox 1151 1229 1270 1308; x_wconf 85' lang='lat' dir='ltr'>penitus</span> <span class='ocrx_word' id='word_1_65' title='bbox 1292 1228 1385 1288; x_wconf 84' lang='lat' dir='ltr'>velim</span> 
     </span>
     <span class='ocr_line' id='line_1_10' title="bbox 207 1335 1383 1414; baseline 0 -21"><span class='ocrx_word' id='word_1_66' title='bbox 207 1336 344 1412; x_wconf 88' lang='lat' dir='ltr'>spiritum</span> <span class='ocrx_word' id='word_1_67' title='bbox 360 1335 460 1410; x_wconf 81' lang='lat' dir='ltr'>ducas,</span> <span class='ocrx_word' id='word_1_68' title='bbox 483 1342 517 1394; x_wconf 91' lang='lat' dir='ltr'>ut</span> <span class='ocrx_word' id='word_1_69' title='bbox 531 1354 585 1414; x_wconf 89' lang='lat' dir='ltr'>per</span> <span class='ocrx_word' id='word_1_70' title='bbox 608 1336 796 1396; x_wconf 91' lang='lat' dir='ltr'>enuntiatum</span> <span class='ocrx_word' id='word_1_71' title='bbox 809 1336 970 1396; x_wconf 83' lang='lat' dir='ltr'>relativum</span> <span class='ocrx_word' id='word_1_72' title='bbox 992 1341 1080 1414; x_wconf 91' lang='lat' dir='ltr'>atque</span> <span class='ocrx_word' id='word_1_73' title='bbox 1103 1354 1156 1414; x_wconf 92' lang='lat' dir='ltr'>per</span> <span class='ocrx_word' id='word_1_74' title='bbox 1171 1339 1215 1396; x_wconf 90' lang='lat' dir='ltr'>tot</span> <span class='ocrx_word' id='word_1_75' title='bbox 1228 1335 1383 1411; x_wconf 83' lang='lat' dir='ltr'>genetivos</span> 
     </span>
     <span class='ocr_line' id='line_1_11' title="bbox 205 1435 1383 1523; baseline 0.002 -23"><span class='ocrx_word' id='word_1_76' title='bbox 205 1441 243 1500; x_wconf 89' lang='lat' dir='ltr'>ad</span> <span class='ocrx_word' id='word_1_77' title='bbox 262 1459 372 1501; x_wconf 89' lang='lat' dir='ltr'>nomen</span> <span class='ocrx_word' id='word_1_78' title='bbox 386 1442 486 1519; x_wconf 92' lang='lat' dir='ltr'>ipsum</span> <span class='ocrx_word' id='word_1_79' title='bbox 502 1443 665 1519; x_wconf 86' lang='lat' dir='ltr'>pervenias.</span> <span class='ocrx_word' id='word_1_80' title='bbox 693 1443 792 1519; x_wconf 87' lang='lat' dir='ltr'>Atque</span> <span class='ocrx_word' id='word_1_81' title='bbox 807 1460 840 1502; x_wconf 88' lang='lat' dir='ltr'>re</span> <span class='ocrx_word' id='word_1_82' title='bbox 862 1459 933 1502; x_wconf 84' lang='lat' dir='ltr'>vera</span> <span class='ocrx_word' id='word_1_83' title='bbox 955 1442 1124 1504; x_wconf 79' lang='lat' dir='ltr'>necessario</span> <span class='ocrx_word' id='word_1_84' title='bbox 1146 1441 1232 1520; x_wconf 88' lang='lat' dir='ltr'>plura</span> <span class='ocrx_word' id='word_1_85' title='bbox 1247 1435 1383 1523; x_wconf 76' lang='grc' dir='ltr'>Θεονόης</span> 
     </span>
     <span class='ocr_line' id='line_1_12' title="bbox 207 1546 1383 1609; baseline -0.003 -1"><span class='ocrx_word' id='word_1_86' title='bbox 207 1548 321 1608; x_wconf 92' lang='lat' dir='ltr'>nomini</span> <span class='ocrx_word' id='word_1_87' title='bbox 355 1549 496 1608; x_wconf 89' lang='lat' dir='ltr'>attributa</span> <span class='ocrx_word' id='word_1_88' title='bbox 531 1554 608 1609; x_wconf 91' lang='lat' dir='ltr'>sunt.</span> <span class='ocrx_word' id='word_1_89' title='bbox 660 1548 855 1608; x_wconf 79' lang='lat' dir='ltr'>Nnuntiatum</span> <span class='ocrx_word' id='word_1_90' title='bbox 889 1549 971 1609; x_wconf 91' lang='lat' dir='ltr'>enim</span> <span class='ocrx_word' id='word_1_91' title='bbox 1005 1549 1164 1609; x_wconf 82' lang='lat' dir='ltr'>relativum</span> <span class='ocrx_word' id='word_1_92' title='bbox 1200 1546 1383 1608; x_wconf 83' lang='lat' dir='ltr'>vaticinandi</span> 
     </span>
     <span class='ocr_line' id='line_1_13' title="bbox 210 1655 1385 1735; baseline -0.002 -20"><span class='ocrx_word' id='word_1_93' title='bbox 210 1661 305 1716; x_wconf 88' lang='lat' dir='ltr'>artem</span> <span class='ocrx_word' id='word_1_94' title='bbox 328 1656 439 1733; x_wconf 90' lang='lat' dir='ltr'>optime</span> <span class='ocrx_word' id='word_1_95' title='bbox 464 1656 621 1735; x_wconf 80' lang='lat' dir='ltr'>signifieat,</span> <span class='ocrx_word' id='word_1_96' title='bbox 643 1656 750 1716; x_wconf 84' lang='lat' dir='ltr'>chorus</span> <span class='ocrx_word' id='word_1_97' title='bbox 774 1659 804 1716; x_wconf 90' lang='lat' dir='ltr'>et</span> <span class='ocrx_word' id='word_1_98' title='bbox 825 1655 941 1716; x_wconf 88' lang='lat' dir='ltr'>Helena</span> <span class='ocrx_word' id='word_1_99' title='bbox 963 1657 1041 1716; x_wconf 87' lang='lat' dir='ltr'>hano</span> <span class='ocrx_word' id='word_1_100' title='bbox 1063 1657 1129 1716; x_wconf 91' lang='lat' dir='ltr'>eius</span> <span class='ocrx_word' id='word_1_101' title='bbox 1144 1660 1240 1716; x_wconf 88' lang='lat' dir='ltr'>artem</span> <span class='ocrx_word' id='word_1_102' title='bbox 1261 1656 1303 1714; x_wconf 86' lang='lat' dir='ltr'>ita</span> <span class='ocrx_word' id='word_1_103' title='bbox 1324 1672 1385 1713; x_wconf 91' lang='lat' dir='ltr'>non</span> 
     </span>
     <span class='ocr_line' id='line_1_14' title="bbox 206 1761 1384 1842; baseline -0.002 -21"><span class='ocrx_word' id='word_1_104' title='bbox 206 1764 352 1842; x_wconf 82' lang='lat' dir='ltr'>ignorant,</span> <span class='ocrx_word' id='word_1_105' title='bbox 374 1768 408 1822; x_wconf 93' lang='lat' dir='ltr'>ut</span> <span class='ocrx_word' id='word_1_106' title='bbox 430 1763 511 1822; x_wconf 92' lang='lat' dir='ltr'>unde</span> <span class='ocrx_word' id='word_1_107' title='bbox 527 1781 594 1822; x_wconf 92' lang='lat' dir='ltr'>eam</span> <span class='ocrx_word' id='word_1_108' title='bbox 608 1763 756 1841; x_wconf 83' lang='lat' dir='ltr'>acceperit</span> <span class='ocrx_word' id='word_1_109' title='bbox 771 1762 914 1840; x_wconf 83' lang='lat' dir='ltr'>explicari</span> <span class='ocrx_word' id='word_1_110' title='bbox 936 1780 1010 1840; x_wconf 86' lang='lat' dir='ltr'>opus</span> <span class='ocrx_word' id='word_1_111' title='bbox 1024 1780 1086 1822; x_wconf 91' lang='lat' dir='ltr'>non</span> <span class='ocrx_word' id='word_1_112' title='bbox 1101 1763 1148 1822; x_wconf 91' lang='lat' dir='ltr'>sit.</span> <span class='ocrx_word' id='word_1_113' title='bbox 1179 1761 1384 1839; x_wconf 89' lang='lat' dir='ltr'>Interpolatori</span> 
     </span>
     <span class='ocr_line' id='line_1_15' title="bbox 206 1867 1384 1945; baseline -0.001 -17"><span class='ocrx_word' id='word_1_114' title='bbox 206 1870 262 1929; x_wconf 91' lang='lat' dir='ltr'>hoo</span> <span class='ocrx_word' id='word_1_115' title='bbox 283 1869 382 1928; x_wconf 79' lang='lat' dir='ltr'>visum</span> <span class='ocrx_word' id='word_1_116' title='bbox 404 1873 549 1943; x_wconf 89' lang='lat' dir='ltr'>nonest,</span> <span class='ocrx_word' id='word_1_117' title='bbox 582 1887 705 1929; x_wconf 77' lang='lat' dir='ltr'>versum</span> <span class='ocrx_word' id='word_1_118' title='bbox 726 1871 791 1930; x_wconf 91' lang='lat'>318</span> <span class='ocrx_word' id='word_1_119' title='bbox 826 1867 949 1930; x_wconf 87' lang='lat' dir='ltr'>addidit</span> <span class='ocrx_word' id='word_1_120' title='bbox 995 1869 1124 1945; x_wconf 82' lang='lat' dir='ltr'>Legerat</span> <span class='ocrx_word' id='word_1_121' title='bbox 1146 1868 1227 1929; x_wconf 89' lang='lat' dir='ltr'>enim</span> <span class='ocrx_word' id='word_1_122' title='bbox 1254 1869 1384 1928; x_wconf 78' lang='lat' dir='ltr'>hanuet</span> 
     </span>
     <span class='ocr_line' id='line_1_16' title="bbox 206 1975 1329 2053; baseline 0.001 -19"><span class='ocrx_word' id='word_1_123' title='bbox 206 1975 386 2035; x_wconf 81' lang='lat' dir='ltr'>vaticinandi</span> <span class='ocrx_word' id='word_1_124' title='bbox 409 1980 439 2035; x_wconf 91' lang='lat' dir='ltr'>et</span> <span class='ocrx_word' id='word_1_125' title='bbox 460 1975 578 2052; x_wconf 89' lang='lat' dir='ltr'>pietatis</span> <span class='ocrx_word' id='word_1_126' title='bbox 600 1976 790 2053; x_wconf 90' lang='lat' dir='ltr'>iustitiaeque</span> <span class='ocrx_word' id='word_1_127' title='bbox 813 1976 959 2052; x_wconf 84' lang='lat' dir='ltr'>originem</span> <span class='ocrx_word' id='word_1_128' title='bbox 980 1976 1028 2036; x_wconf 92' lang='lat' dir='ltr'>his</span> <span class='ocrx_word' id='word_1_129' title='bbox 1043 1975 1117 2034; x_wconf 87' lang='lat' dir='ltr'>loeis</span> <span class='ocrx_word' id='word_1_130' title='bbox 1139 1975 1329 2035; x_wconf 80' lang='lat' dir='ltr'>declaratam:</span> 
     </span>
    </p>

    <p class='ocr_par' dir='ltr' id='par_1_5' title="bbox 209 2080 1171 2484">
     <span class='ocr_line' id='line_1_17' title="bbox 345 2080 1081 2162; baseline 0 -21"><span class='ocrx_word' id='word_1_131' title='bbox 345 2085 384 2142; x_wconf 92' lang='lat'>13</span> <span class='ocrx_word' id='word_1_132' title='bbox 410 2099 453 2159; x_wconf 89' lang='lat' dir='ltr'>sq.</span> <span class='ocrx_word' id='word_1_133' title='bbox 647 2124 653 2143; x_wconf 54' lang='lat' dir='ltr'><strong><em>s</em></strong></span> <span class='ocrx_word' id='word_1_134' title='bbox 871 2081 908 2141; x_wconf 86' lang='grc' dir='ltr'>τὰ</span> <span class='ocrx_word' id='word_1_135' title='bbox 930 2080 1002 2142; x_wconf 79' lang='grc' dir='ltr'>θεῖα</span> <span class='ocrx_word' id='word_1_136' title='bbox 1024 2080 1081 2162; x_wconf 68' lang='grc' dir='ltr'>γὰρ</span> 
     </span>
     <span class='ocr_line' id='line_1_18' title="bbox 467 2179 1171 2271; baseline 0 -22"><span class='ocrx_word' id='word_1_137' title='bbox 467 2188 506 2249; x_wconf 85' lang='grc' dir='ltr'>τά</span> <span class='ocrx_word' id='word_1_138' title='bbox 529 2179 553 2249; x_wconf 84' lang='grc' dir='ltr'>τ’</span> <span class='ocrx_word' id='word_1_139' title='bbox 572 2183 645 2250; x_wconf 81' lang='grc' dir='ltr'>ὄντα</span> <span class='ocrx_word' id='word_1_140' title='bbox 668 2188 718 2249; x_wconf 84' lang='grc' dir='ltr'>καὶ</span> <span class='ocrx_word' id='word_1_141' title='bbox 742 2182 892 2270; x_wconf 77' lang='grc' dir='ltr'>μέλλοντα</span> <span class='ocrx_word' id='word_1_142' title='bbox 915 2179 1000 2249; x_wconf 81' lang='grc' dir='ltr'>πάντ’</span> <span class='ocrx_word' id='word_1_143' title='bbox 1025 2182 1171 2271; x_wconf 82' lang='grc' dir='ltr'>ἠπίστατο</span> 
     </span>
     <span class='ocr_line' id='line_1_19' title="bbox 209 2294 494 2372; baseline 0.004 -18"><span class='ocrx_word' id='word_1_144' title='bbox 209 2294 315 2372; x_wconf 80' lang='lat' dir='ltr'>explic.</span> <span class='ocrx_word' id='word_1_145' title='bbox 338 2312 429 2354; x_wconf 76' lang='lat' dir='ltr'>uersu</span> <span class='ocrx_word' id='word_1_146' title='bbox 455 2298 494 2355; x_wconf 88' lang='lat'>15</span> 
     </span>
     <span class='ocr_line' id='line_1_20' title="bbox 467 2395 1155 2484; baseline 0 -24"><span class='ocrx_word' id='word_1_147' title='bbox 467 2397 616 2482; x_wconf 74' lang='grc' dir='ltr'>προγόνου</span> <span class='ocrx_word' id='word_1_148' title='bbox 639 2398 778 2482; x_wconf 81' lang='grc' dir='ltr'>λαβοῦσα</span> <span class='ocrx_word' id='word_1_149' title='bbox 800 2395 931 2484; x_wconf 79' lang='grc' dir='ltr'>Νηρέως</span> <span class='ocrx_word' id='word_1_150' title='bbox 952 2400 1040 2484; x_wconf 84' lang='grc' dir='ltr'>τιμὰς</span> <span class='ocrx_word' id='word_1_151' title='bbox 1062 2401 1155 2482; x_wconf 79' lang='grc' dir='ltr'>πάρα.</span> 
     </span>
    </p>
   </div>
   <div class='ocr_carea' id='block_1_2' title="bbox 250 2501 1094 2697">
    <p class='ocr_par' dir='ltr' id='par_1_6' title="bbox 250 2501 1094 2697">
     <span class='ocr_line' id='line_1_21' title="bbox 250 2501 1094 2594; baseline 0.001 -27"><span class='ocrx_word' id='word_1_152' title='bbox 250 2510 334 2568; x_wconf 82' lang='grc'><strong>1002</strong></span> <span class='ocrx_word' id='word_1_153' title='bbox 360 2525 423 2584; x_wconf 88' lang='lat' dir='ltr'>sqq.</span> <span class='ocrx_word' id='word_1_154' title='bbox 470 2505 565 2568; x_wconf 79' lang='grc' dir='ltr'>ἔνεστι</span> <span class='ocrx_word' id='word_1_155' title='bbox 588 2501 615 2567; x_wconf 82' lang='grc' dir='ltr'>δ’</span> <span class='ocrx_word' id='word_1_156' title='bbox 639 2503 719 2590; x_wconf 84' lang='grc' dir='ltr'>ἱερὸν</span> <span class='ocrx_word' id='word_1_157' title='bbox 742 2517 795 2594; x_wconf 81' lang='grc' dir='ltr'>της</span> <span class='ocrx_word' id='word_1_158' title='bbox 818 2505 904 2592; x_wconf 80' lang='grc' dir='ltr'>δίκης</span> <span class='ocrx_word' id='word_1_159' title='bbox 927 2503 994 2590; x_wconf 78' lang='grc' dir='ltr'>ἐμοὶ</span> <span class='ocrx_word' id='word_1_160' title='bbox 1017 2510 1094 2591; x_wconf 72' lang='grc' dir='ltr'>μόνα</span> 
     </span>
     <span class='ocr_line' id='line_1_22' title="bbox 468 2609 682 2697; baseline 0.009 -23"><span class='ocrx_word' id='word_1_161' title='bbox 468 2610 500 2675; x_wconf 87' lang='grc' dir='ltr'>ἐν</span> <span class='ocrx_word' id='word_1_162' title='bbox 524 2609 561 2697; x_wconf 78' lang='grc' dir='ltr'>τη</span> <span class='ocrx_word' id='word_1_163' title='bbox 586 2613 682 2696; x_wconf 83' lang='grc' dir='ltr'>φόσει·</span> 
     </span>
    </p>
   </div>
   <div class='ocr_carea' id='block_1_3' title="bbox 209 2719 1388 4400">
    <p class='ocr_par' dir='ltr' id='par_1_7' title="bbox 210 2719 893 3014">
     <span class='ocr_line' id='line_1_23' title="bbox 210 2719 331 2798; baseline -0.017 -18"><span class='ocrx_word' id='word_1_164' title='bbox 210 2719 331 2798; x_wconf 79' lang='lat' dir='ltr'>explie:</span> 
     </span>
     <span class='ocr_line' id='line_1_24' title="bbox 469 2821 893 2911; baseline 0.005 -25"><span class='ocrx_word' id='word_1_165' title='bbox 469 2825 521 2887; x_wconf 84' lang='grc' dir='ltr'>καὶ</span> <span class='ocrx_word' id='word_1_166' title='bbox 543 2832 632 2888; x_wconf 83' lang='grc' dir='ltr'>τοῦτο</span> <span class='ocrx_word' id='word_1_167' title='bbox 655 2821 786 2911; x_wconf 82' lang='grc' dir='ltr'>Νηρέως</span> <span class='ocrx_word' id='word_1_168' title='bbox 808 2823 893 2908; x_wconf 81' lang='grc' dir='ltr'>πάροι</span> 
     </span>
     <span class='ocr_line' id='line_1_25' title="bbox 469 2929 586 3014; baseline 0.017 -22"><span class='ocrx_word' id='word_1_169' title='bbox 469 2929 586 3014; x_wconf 82' lang='grc' dir='ltr'>ἔχουσα</span> 
     </span>
    </p>

    <p class='ocr_par' dir='ltr' id='par_1_8' title="bbox 210 3038 1151 3442">
     <span class='ocr_line' id='line_1_26' title="bbox 210 3038 956 3117; baseline 0.004 -21"><span class='ocrx_word' id='word_1_170' title='bbox 210 3039 327 3098; x_wconf 87' lang='lat' dir='ltr'>inverso</span> <span class='ocrx_word' id='word_1_171' title='bbox 346 3038 454 3099; x_wconf 88' lang='lat' dir='ltr'>ordine</span> <span class='ocrx_word' id='word_1_172' title='bbox 477 3040 558 3100; x_wconf 90' lang='lat' dir='ltr'>idem</span> <span class='ocrx_word' id='word_1_173' title='bbox 580 3040 690 3117; x_wconf 83' lang='lat' dir='ltr'>legitur</span> <span class='ocrx_word' id='word_1_174' title='bbox 713 3060 740 3102; x_wconf 90' lang='grc' dir='ltr'>ν.</span> <span class='ocrx_word' id='word_1_175' title='bbox 767 3043 850 3101; x_wconf 92' lang='grc'><strong>1647</strong></span> <span class='ocrx_word' id='word_1_176' title='bbox 876 3056 956 3116; x_wconf 88' lang='lat' dir='ltr'>sqq:</span> 
     </span>
     <span class='ocr_line' id='line_1_27' title="bbox 469 3138 1089 3230; baseline -0.003 -24"><span class='ocrx_word' id='word_1_177' title='bbox 469 3138 533 3206; x_wconf 73' lang='grc' dir='ltr'>οὐδ’</span> <span class='ocrx_word' id='word_1_178' title='bbox 555 3139 575 3230; x_wconf 78' lang='grc' dir='ltr'>ἡ</span> <span class='ocrx_word' id='word_1_179' title='bbox 599 3143 677 3218; x_wconf 73' lang='grc' dir='ltr'>θεᾶς</span> <span class='ocrx_word' id='word_1_180' title='bbox 699 3141 845 3230; x_wconf 75' lang='grc' dir='ltr'>Νηρῇδος</span> <span class='ocrx_word' id='word_1_181' title='bbox 868 3141 991 3223; x_wconf 73' lang='grc' dir='ltr'>ἔκγονος</span> <span class='ocrx_word' id='word_1_182' title='bbox 1013 3146 1089 3227; x_wconf 90' lang='grc' dir='ltr'>κόρη</span> 
     </span>
     <span class='ocr_line' id='line_1_28' title="bbox 469 3244 1151 3336; baseline 0 -25"><span class='ocrx_word' id='word_1_183' title='bbox 469 3247 569 3313; x_wconf 79' lang='grc' dir='ltr'>ἀδικεῖ</span> <span class='ocrx_word' id='word_1_184' title='bbox 587 3244 614 3314; x_wconf 87' lang='grc' dir='ltr'>σ’</span> <span class='ocrx_word' id='word_1_185' title='bbox 639 3248 758 3336; x_wconf 75' lang='grc' dir='ltr'>ἀδελφὴ</span> <span class='ocrx_word' id='word_1_186' title='bbox 783 3247 901 3335; x_wconf 83' lang='grc' dir='ltr'>Θεονόη</span> <span class='ocrx_word' id='word_1_187' title='bbox 924 3251 963 3313; x_wconf 83' lang='grc' dir='ltr'>τὰ</span> <span class='ocrx_word' id='word_1_188' title='bbox 984 3260 1045 3313; x_wconf 82' lang='grc' dir='ltr'>τῶν</span> <span class='ocrx_word' id='word_1_189' title='bbox 1068 3247 1151 3312; x_wconf 77' lang='grc' dir='ltr'>Θεῶν</span> 
     </span>
     <span class='ocr_line' id='line_1_29' title="bbox 468 3351 1117 3442; baseline -0.003 -22"><span class='ocrx_word' id='word_1_190' title='bbox 468 3367 584 3442; x_wconf 82' lang='grc' dir='ltr'>τιμῶσα</span> <span class='ocrx_word' id='word_1_191' title='bbox 606 3361 722 3440; x_wconf 86' lang='grc' dir='ltr'>πατρός</span> <span class='ocrx_word' id='word_1_192' title='bbox 742 3351 768 3421; x_wconf 85' lang='grc' dir='ltr'>τ’</span> <span class='ocrx_word' id='word_1_193' title='bbox 792 3355 927 3433; x_wconf 79' lang='grc' dir='ltr'>ἐνδίκους</span> <span class='ocrx_word' id='word_1_194' title='bbox 950 3355 1117 3432; x_wconf 80' lang='grc' dir='ltr'>ἐπιστολάς.</span> 
     </span>
    </p>

    <p class='ocr_par' dir='ltr' id='par_1_9' title="bbox 209 3463 1388 4166">
     <span class='ocr_line' id='line_1_30' title="bbox 299 3463 1387 3544; baseline -0.003 -20"><span class='ocrx_word' id='word_1_195' title='bbox 299 3465 355 3525; x_wconf 84' lang='lat' dir='ltr'>His</span> <span class='ocrx_word' id='word_1_196' title='bbox 378 3470 481 3526; x_wconf 90' lang='lat' dir='ltr'>tamen</span> <span class='ocrx_word' id='word_1_197' title='bbox 503 3465 576 3525; x_wconf 81' lang='lat' dir='ltr'>loeis</span> <span class='ocrx_word' id='word_1_198' title='bbox 598 3471 666 3544; x_wconf 90' lang='lat' dir='ltr'>apta</span> <span class='ocrx_word' id='word_1_199' title='bbox 689 3471 736 3526; x_wconf 91' lang='lat' dir='ltr'>est</span> <span class='ocrx_word' id='word_1_200' title='bbox 758 3466 886 3526; x_wconf 86' lang='lat' dir='ltr'>narratio</span> <span class='ocrx_word' id='word_1_201' title='bbox 913 3465 1017 3543; x_wconf 89' lang='lat' dir='ltr'>plena,</span> <span class='ocrx_word' id='word_1_202' title='bbox 1055 3483 1124 3524; x_wconf 90' lang='lat' dir='ltr'>oum</span> <span class='ocrx_word' id='word_1_203' title='bbox 1146 3463 1177 3523; x_wconf 94' lang='lat' dir='ltr'>id</span> <span class='ocrx_word' id='word_1_204' title='bbox 1197 3467 1315 3539; x_wconf 87' lang='lat' dir='ltr'>agatur,</span> <span class='ocrx_word' id='word_1_205' title='bbox 1353 3465 1387 3521; x_wconf 91' lang='lat' dir='ltr'>ut</span> 
     </span>
     <span class='ocr_line' id='line_1_31' title="bbox 210 3567 1387 3653; baseline -0.005 -21"><span class='ocrx_word' id='word_1_206' title='bbox 210 3571 304 3648; x_wconf 91' lang='lat' dir='ltr'>primo</span> <span class='ocrx_word' id='word_1_207' title='bbox 331 3572 396 3632; x_wconf 84' lang='lat' dir='ltr'>loeo</span> <span class='ocrx_word' id='word_1_208' title='bbox 428 3575 609 3650; x_wconf 79' lang='lat' dir='ltr'>spectatores</span> <span class='ocrx_word' id='word_1_209' title='bbox 643 3573 835 3653; x_wconf 85' lang='lat' dir='ltr'>edoceantur,</span> <span class='ocrx_word' id='word_1_210' title='bbox 872 3572 964 3632; x_wconf 89' lang='lat' dir='ltr'>altero</span> <span class='ocrx_word' id='word_1_211' title='bbox 999 3570 1136 3632; x_wconf 77' lang='lat' dir='ltr'>&#39;I&#39;heonoa</span> <span class='ocrx_word' id='word_1_212' title='bbox 1169 3569 1301 3630; x_wconf 87' lang='lat' dir='ltr'>innatam</span> <span class='ocrx_word' id='word_1_213' title='bbox 1328 3567 1387 3628; x_wconf 90' lang='lat' dir='ltr'>sibi</span> 
     </span>
     <span class='ocr_line' id='line_1_32' title="bbox 210 3674 1387 3757; baseline -0.002 -21"><span class='ocrx_word' id='word_1_214' title='bbox 210 3678 354 3738; x_wconf 89' lang='lat' dir='ltr'>iustitiam</span> <span class='ocrx_word' id='word_1_215' title='bbox 375 3677 578 3756; x_wconf 87' lang='lat' dir='ltr'>pietatemque</span> <span class='ocrx_word' id='word_1_216' title='bbox 601 3684 737 3757; x_wconf 79' lang='lat' dir='ltr'>exponat,</span> <span class='ocrx_word' id='word_1_217' title='bbox 759 3679 846 3738; x_wconf 86' lang='lat' dir='ltr'>tertio</span> <span class='ocrx_word' id='word_1_218' title='bbox 869 3678 1109 3754; x_wconf 68' lang='lat' dir='ltr'>[theoclymenus</span> <span class='ocrx_word' id='word_1_219' title='bbox 1131 3675 1261 3736; x_wconf 89' lang='lat' dir='ltr'>iniustus</span> <span class='ocrx_word' id='word_1_220' title='bbox 1283 3676 1319 3735; x_wconf 91' lang='lat' dir='ltr'>ab</span> <span class='ocrx_word' id='word_1_221' title='bbox 1342 3674 1387 3733; x_wconf 91' lang='lat' dir='ltr'>ira</span> 
     </span>
     <span class='ocr_line' id='line_1_33' title="bbox 210 3779 1387 3864; baseline -0.003 -20"><span class='ocrx_word' id='word_1_222' title='bbox 210 3789 241 3845; x_wconf 89' lang='lat' dir='ltr'>et</span> <span class='ocrx_word' id='word_1_223' title='bbox 261 3784 370 3844; x_wconf 87' lang='lat' dir='ltr'>iniuria</span> <span class='ocrx_word' id='word_1_224' title='bbox 392 3789 557 3847; x_wconf 81' lang='lat' dir='ltr'>reuocetur.</span> <span class='ocrx_word' id='word_1_225' title='bbox 602 3785 746 3846; x_wconf 89' lang='lat' dir='ltr'>Narratur</span> <span class='ocrx_word' id='word_1_226' title='bbox 768 3803 887 3864; x_wconf 85' lang='lat' dir='ltr'>quoque</span> <span class='ocrx_word' id='word_1_227' title='bbox 914 3787 991 3846; x_wconf 86' lang='lat' dir='ltr'>bene</span> <span class='ocrx_word' id='word_1_228' title='bbox 1013 3785 1062 3844; x_wconf 91' lang='lat' dir='ltr'>his</span> <span class='ocrx_word' id='word_1_229' title='bbox 1076 3783 1158 3844; x_wconf 88' lang='lat' dir='ltr'>loois.</span> <span class='ocrx_word' id='word_1_230' title='bbox 1202 3781 1309 3860; x_wconf 87' lang='lat' dir='ltr'>Neque</span> <span class='ocrx_word' id='word_1_231' title='bbox 1330 3779 1387 3840; x_wconf 86' lang='lat' dir='ltr'>hoo</span> 
     </span>
     <span class='ocr_line' id='line_1_34' title="bbox 209 3887 1387 3971; baseline -0.003 -21"><span class='ocrx_word' id='word_1_232' title='bbox 209 3909 308 3969; x_wconf 91' lang='lat' dir='ltr'>neque</span> <span class='ocrx_word' id='word_1_233' title='bbox 330 3890 407 3950; x_wconf 91' lang='lat' dir='ltr'>illud</span> <span class='ocrx_word' id='word_1_234' title='bbox 429 3891 463 3950; x_wconf 90' lang='lat' dir='ltr'>in</span> <span class='ocrx_word' id='word_1_235' title='bbox 485 3909 607 3952; x_wconf 84' lang='lat' dir='ltr'>versum</span> <span class='ocrx_word' id='word_1_236' title='bbox 631 3895 694 3953; x_wconf 88' lang='lat'>318</span> <span class='ocrx_word' id='word_1_237' title='bbox 730 3893 836 3953; x_wconf 83' lang='lat' dir='ltr'>eadere</span> <span class='ocrx_word' id='word_1_238' title='bbox 864 3909 952 3971; x_wconf 81' lang='lat' dir='ltr'>supra</span> <span class='ocrx_word' id='word_1_239' title='bbox 979 3891 1089 3952; x_wconf 91' lang='lat' dir='ltr'>monui.</span> <span class='ocrx_word' id='word_1_240' title='bbox 1135 3887 1241 3967; x_wconf 88' lang='lat' dir='ltr'>Neque</span> <span class='ocrx_word' id='word_1_241' title='bbox 1264 3887 1387 3949; x_wconf 91' lang='lat' dir='ltr'>dubium</span> 
     </span>
     <span class='ocr_line' id='line_1_35' title="bbox 210 3994 1388 4077; baseline -0.003 -21"><span class='ocrx_word' id='word_1_242' title='bbox 210 3997 287 4056; x_wconf 89' lang='lat' dir='ltr'>mihi</span> <span class='ocrx_word' id='word_1_243' title='bbox 310 4001 366 4077; x_wconf 89' lang='lat' dir='ltr'>est,</span> <span class='ocrx_word' id='word_1_244' title='bbox 389 3997 461 4075; x_wconf 89' lang='lat' dir='ltr'>quin</span> <span class='ocrx_word' id='word_1_245' title='bbox 485 4015 525 4057; x_wconf 89' lang='lat' dir='ltr'>ex</span> <span class='ocrx_word' id='word_1_246' title='bbox 546 4016 636 4058; x_wconf 87' lang='lat' dir='ltr'>versu</span> <span class='ocrx_word' id='word_1_247' title='bbox 654 4001 738 4060; x_wconf 88' lang='grc'><strong>1647</strong></span> <span class='ocrx_word' id='word_1_248' title='bbox 763 3997 953 4076; x_wconf 87' lang='lat' dir='ltr'>interpolator</span> <span class='ocrx_word' id='word_1_249' title='bbox 976 3998 1151 4077; x_wconf 88' lang='lat' dir='ltr'>sapientiam</span> <span class='ocrx_word' id='word_1_250' title='bbox 1172 3999 1324 4056; x_wconf 88' lang='lat' dir='ltr'>mutuatus</span> <span class='ocrx_word' id='word_1_251' title='bbox 1340 3994 1388 4071; x_wconf 90' lang='lat' dir='ltr'>sit,</span> 
     </span>
     <span class='ocr_line' id='line_1_36' title="bbox 211 4104 475 4166; baseline 0 -3"><span class='ocrx_word' id='word_1_252' title='bbox 211 4104 304 4166; x_wconf 84' lang='lat' dir='ltr'>velim</span> <span class='ocrx_word' id='word_1_253' title='bbox 326 4104 475 4165; x_wconf 81' lang='lat' dir='ltr'>conferas:</span> 
     </span>
    </p>

    <p class='ocr_par' dir='ltr' id='par_1_10' title="bbox 344 4204 1106 4400">
     <span class='ocr_line' id='line_1_37' title="bbox 364 4204 1106 4294; baseline -0.003 -22"><span class='ocrx_word' id='word_1_254' title='bbox 364 4214 426 4272; x_wconf 90' lang='lat'>318</span> <span class='ocrx_word' id='word_1_255' title='bbox 473 4217 528 4294; x_wconf 82' lang='grc' dir='ltr'>της</span> <span class='ocrx_word' id='word_1_256' title='bbox 550 4205 672 4283; x_wconf 76' lang='grc' dir='ltr'>ποντίας</span> <span class='ocrx_word' id='word_1_257' title='bbox 694 4204 839 4294; x_wconf 81' lang='grc' dir='ltr'>Νηρηδος</span> <span class='ocrx_word' id='word_1_258' title='bbox 863 4207 988 4289; x_wconf 76' lang='grc' dir='ltr'>ἐκγόνου</span> <span class='ocrx_word' id='word_1_259' title='bbox 1010 4205 1106 4293; x_wconf 86' lang='grc' dir='ltr'>κόρης</span> 
     </span>
     <span class='ocr_line' id='line_1_38' title="bbox 344 4307 1095 4400; baseline 0.001 -24"><span class='ocrx_word' id='word_1_260' title='bbox 344 4319 427 4378; x_wconf 89' lang='grc'><strong>1647</strong></span> <span class='ocrx_word' id='word_1_261' title='bbox 475 4307 539 4377; x_wconf 65' lang='grc' dir='ltr'>οὔδ’</span> <span class='ocrx_word' id='word_1_262' title='bbox 561 4309 581 4400; x_wconf 83' lang='grc' dir='ltr'>ἡ</span> <span class='ocrx_word' id='word_1_263' title='bbox 605 4312 684 4390; x_wconf 78' lang='grc' dir='ltr'>θεᾶς</span> <span class='ocrx_word' id='word_1_264' title='bbox 705 4311 851 4400; x_wconf 81' lang='grc' dir='ltr'>Νηρηδυς</span> <span class='ocrx_word' id='word_1_265' title='bbox 874 4313 995 4394; x_wconf 75' lang='grc' dir='ltr'>ἔκγονος</span> <span class='ocrx_word' id='word_1_266' title='bbox 1016 4317 1095 4398; x_wconf 92' lang='grc' dir='ltr'>κόρη</span> 
     </span>
    </p>
   </div>
   <div class='ocr_carea' id='block_1_4' title="bbox 0 0 1608 4900">
    <p class='ocr_par' dir='ltr' id='par_1_11' title="bbox 0 0 1608 4900">
     <span class='ocr_line' id='line_1_39' title="bbox 0 0 1608 4900; baseline 0 0"><span class='ocrx_word' id='word_1_267' title='bbox 0 0 1608 4900; x_wconf 95' lang='lat' dir='ltr'> </span> 
     </span>
    </p>
   </div>
  </div>
 </body>
</html>
