3194 4900
773 263 812 321 36

203 483 309 560 μηκος,
343 469 381 558 ἧς
416 490 490 558 φασι
520 471 696 554 μεμνῆσθαι
725 471 777 533 τόν
800 472 925 560 ποιηιην
949 462 991 533 έν
1005 465 1049 541 οἷς
1070 464 1267 553 Ἀλέξανδρος
1300 465 1381 546 λένει

201 583 279 664 πρὸς
301 581 355 664 τὴν
376 573 505 662 Ἑλένην
530 575 605 650 „ott
638 573 689 640 ὅτε
714 597 749 640 σε
772 586 893 660 πρῶτον
916 574 1147 662 Λακεδαίμονος
1169 576 1202 648 ἐξ
1225 576 1381 663 ἐρατεινῆς

205 687 336 767 [ἔπλεον]
361 680 499 767 ἁρπάξας
522 683 554 748 έν
578 688 794 766 ποντοπόροισι
815 680 1032 768 νέεσσινὴκρ
1057 683 1084 746 δ’
1106 680 1138 746 έν
1160 679 1289 768 Κρανάη
1314 681 1381 767 έμί-

203 815 258 878 ηην
291 791 430 877 φιλότητι
464 791 518 853 καί
556 787 658 874 εὒνηίί.
704 786 814 876 ταύτην
848 792 904 872 γὰρ
939 787 1020 868 λέγει
1053 786 1201 876 Κρανάην
1238 793 1293 874 τὴν
1330 797 1381 853 νῦν

211 898 328 986 Ελένην
363 896 425 962 ἀπὸ
460 906 512 960 τοῦ
544 895 609 960 ἐκεῖ
640 893 782 977 γενέσθαι
813 899 867 982 την
891 896 977 983 μῖξιν.
1008 898 1088 984 μετὰ,
1108 897 1142 959 δὲ
1166 900 1221 983 τὴν
1251 892 1381 982 Ἑλένην

203 1003 224 1093 ἡ
247 997 365 1090 Είβοια
387 1009 547 1088 πρόκειται
570 1013 623 1090 της
646 1000 716 1091 ἑξῆς
744 1002 909 1086 παραλίας,
936 1000 1050 1089 ὁμοίως
1069 1006 1168 1089 Ιστενίη
1198 1005 1252 1067 καί
1280 1005 1383 1090 μακρὰ

203 1115 258 1177 καί
279 1115 357 1178 κατόι
380 1122 479 1200 μῆκος
502 1114 538 1196 τη
562 1108 679 1197 ἠπείρῳ
703 1109 959 1198 παραβεβλημένη
983 1111 1128 1196 καθάπερ
1156 1105 1315 1198 ηἙλένη.
1339 1147 1382 1158 -

204 1223 385 1301 Pomponius
407 1222 486 1282 Mela
509 1221 547 1281 de
570 1222 703 1296 chorogr.
728 1220 773 1280 ed.
796 1221 927 1295 Parthey
952 1224 1036 1282 1867
1060 1221 1099 1298 Π,
1125 1225 1187 1284 109
1212 1219 1250 1299 (p.
1275 1218 1327 1299 57)
1351 1220 1384 1278 in

203 1330 326 1391 Atthide
348 1328 464 1388 Helene
487 1331 534 1387 est
557 1332 625 1387 nota
649 1331 749 1404 stupro
771 1326 913 1404 Helenae,
937 1332 967 1387 et
991 1327 1117 1388 Salamis
1140 1327 1255 1388 excidio
1278 1326 1383 1387 elassis

204 1437 339 1516 persicae
368 1434 470 1494 notior.
498 1453 541 1477 —·
564 1433 728 1494 Pausaniae
756 1433 917 1510 descriptio
940 1433 1081 1493 Graeciae
1112 1434 1158 1494 ed.
1186 1433 1332 1494 Sohubart
1354 1436 1384 1491 et

205 1543 289 1602 Walz
315 1545 409 1604 1838.
436 1547 464 1613 1,
490 1543 540 1614 35,
567 1546 597 1603 1.
620 1533 723 1623 Νησυι
752 1535 786 1598 δέ
812 1529 986 1622 Ἀθηναίοις
1015 1534 1050 1600 οὔ
1074 1533 1180 1621 πόρρω
1204 1547 1257 1624 τῆς
1280 1539 1385 1620 χώρας

208 1645 295 1712 είσίν·
329 1643 349 1733 ἡ
375 1649 430 1732 μὲν
453 1642 638 1727 Πατρόκλου
660 1642 846 1730 καλουμένη·
880 1645 919 1708 τὰ
942 1643 976 1706 δὲ
1000 1643 1033 1716 ἐς
1056 1641 1149 1730 σίντην
1173 1641 1233 1730 ἤδη
1258 1665 1309 1728 μοι
1330 1643 1383 1705 δε-

205 1753 354 1841 δήλωται·
391 1749 470 1838 ἄλλη
499 1751 534 1813 δέ
565 1745 641 1832 ὑπὲρ
665 1747 790 1813 Σουνίου
813 1753 868 1836 τὴν
887 1745 1025 1836 Ἀττικὴν
1048 1750 1081 1814 έν
1104 1748 1248 1834 ἀριστερᾷ
1270 1746 1383 1812 πλέου-

204 1875 266 1924 σιν·
299 1859 331 1935 ἐς
358 1861 470 1944 ταόιην
500 1855 649 1943 ἀποβῆναι
677 1853 816 1935 λέγουσιν
841 1851 971 1942 Ἑλένην
1004 1859 1080 1942 μετὰ
1108 1858 1162 1942 τὴν
1190 1853 1303 1918 ἅλωσιν
1330 1858 1385 1940 την

211 2081 249 2138 12
275 2069 332 2136 ουκ
355 2069 392 2136 tv
416 2067 468 2135 οὖν
491 2075 526 2134 τό
550 2089 584 2149 ηε
609 2067 743 2148 πέλαγος
764 2072 798 2132 τό
814 2067 964 2154 Μυρτῶον
988 2069 1050 2134 ἀπὸ
1066 2067 1221 2154 Μυρτίλου
1244 2064 1385 2151 τοόἙρ-

209 2189 267 2267 μου
291 2179 426 2266 φαίνοιτο
449 2173 638 2264 κεκλημένον
662 2161 833 2263 ἀρχόμενόν
855 2198 889 2241 τε
912 2176 974 2241 dud
990 2173 1122 2261 Εὖβοίας
1144 2171 1386 2260 καίπαρ’Ἑλέ-

207 2307 262 2372 νην
286 2283 400 2371 ἔρημον
423 2294 516 2372 νῆσον
540 2283 683 2370 καθῆκον
706 2283 739 2356 ἐς
761 2286 796 2348 τό
820 2281 950 2363 Αἰγαῖον.
975 2321 1017 2330 —-
1042 2286 1209 2365 Stephanus
1224 2286 1387 2360 Byzantius

207 2398 287 2476 apud
309 2397 346 2456 Η.
372 2395 555 2473 Stephanum
579 2411 602 2453 s.
625 2413 653 2452 v.
674 2386 753 2466 Ἑλ,
776 2402 869 2479 νῆσος
891 2403 946 2479 της
965 2387 1107 2479 Ἀττικης.
1143 2387 1307 2462 Ἑκαταῖος
1321 2386 1386 2451 Εἰν-

209 2506 305 2588 ρώπη.
349 2496 440 2562 Ἐκεῖ
468 2501 526 2578 rap
557 2496 707 2586 ἀποβηναί
737 2520 810 2587 φασι
837 2502 891 2585 τὴν
920 2495 1051 2584 Ἑλένην
1081 2500 1245 2584 μεταίτην
1274 2494 1387 2560 ἅλωσιν

205 2605 312 2671 Ἰλίου
342 2603 481 2668 ἐκαλεῖτο
505 2604 539 2667 δὲ
563 2601 684 2686 Μακρίς
707 2605 759 2692 διόι
781 2607 816 2670 τδ
839 2615 943 2692 μῆκος.
968 2643 1011 2652 -
1033 2607 1208 2668 Eustathius
1236 2607 1274 2666 ad
1303 2605 1387 2666 llied.

209 2711 245 2796 Γ,
268 2719 342 2776 445.
384 2707 470 2795 Ὅρα
492 2710 526 2773 δὲ
549 2712 603 2773 καί
626 2708 669 2774 ότι
702 2713 782 2775 κατὰ
812 2715 868 2798 την
900 2707 1069 2798 Ὁμηρικὴν
1102 2708 1232 2793 ἱστορίαν
1266 2707 1325 2774 obn
1355 2707 1388 2772 έν

207 2817 333 2904 ’Σπάρτη
358 2813 413 2902 τήν
438 2815 538 2902 ἀρχὴν
562 2816 650 2903 έμίηη
670 2812 867 2899 Ἀλέξανδρος
889 2820 924 2903 τῇ
945 2813 1073 2902 Ἑλένη,
1101 2813 1242 2881 σπεύδων
1271 2814 1322 2880 ἵνα
1345 2815 1387 2901 μη

209 2921 388 3010 καταφανὴς
411 2921 544 3010 γένηται,
576 2919 647 2987 ἀλλ’
676 2923 708 2988 έν
731 2920 861 3010 Κραναῇ
886 2929 977 3010 νόσῳ.
1016 2922 1131 3010 ἄδηλον
1154 2921 1189 2986 δέ
1213 2944 1303 3008 φασιν
1328 2921 1386 2986 εἴτε

208 3029 312 3114 κόριον
334 3041 388 3118 της
410 3029 505 3115 νήσου
528 3032 563 3094 τό
589 3028 685 3112 ὄνομα
708 3031 757 3094 διὰ
780 3033 813 3094 τό
836 3030 1009 3118 κρανθηναι
1032 3029 1099 3117 ἤτοι
1121 3031 1322 3118 τελειωθῆναι
1338 3029 1387 3093 ἐπ’

209 3136 307 3224 -αἰιτης
329 3139 381 3201 τόν
408 3136 514 3222 κάμον,
536 3135 598 3200 εἴτε
621 3147 752 3222 τραχεῖα
774 3137 953 3214 έπιδετικως
976 3137 1100 3223 ε’ίρηται.
1123 3140 1202 3214 τινὲς
1216 3145 1329 3202 νοοῦσι
1350 3138 1390 3199 τὰ

208 3241 357 3330 Κύθηρα,
381 3253 471 3330 νῆσον
496 3240 674 3329 Ἀφροδίτης
696 3241 788 3328 ἱεράν,
812 3241 841 3307 οἱ
863 3244 897 3308 δὲ
921 3243 976 3330 τὴν
998 3245 1162 3329 λεγομένην
1184 3254 1276 3331 νησον
1295 3239 1388 3306 Ἑλέ-

210 3372 276 3438 νην,
298 3352 376 3434 πρὸς
399 3352 435 3434 τῇ
461 3346 577 3434 Ἀττικῄ
604 3345 708 3425 οὖσαν,
731 3347 880 3430 έηηυτόιιω
903 3361 957 3437 της
979 3348 1053 3414 Κέω
1068 3346 1157 3414 ’κατὰ
1178 3351 1230 3414 τόν
1253 3354 1388 3434 γεωηρόι-

211 3479 280 3541 φον,
304 3455 366 3520 ἀπὸ
390 3466 444 3543 της
463 3451 590 3544 Ἑλένης
614 3452 783 3542 ὁμωνύμως
805 3455 972 3542 κληθεῖσαν
985 3459 1019 3540 1),
1042 3458 1116 3522 διότι
1138 3459 1247 3542 ταίτης
1268 3467 1389 3539 πρῶτον

211 3560 308 3649 ἐπέβη
332 3560 383 3626 ὅτε
407 3559 541 3649 ἡρπόιηη.
589 3561 652 3626 ἔστι
686 3562 721 3626 δὲ
754 3563 925 3650 περιμηκης
960 3561 1032 3629 ὅσον
1061 3563 1210 3650 ἑξήκοντα
1239 3563 1388 3641 σταδίους.

213 3673 346 3734 Tandem
369 3673 407 3732 ad
429 3691 494 3733 rem
516 3673 612 3750 ipsam
635 3673 713 3732 mihi.
731 3674 911 3751 propositam
932 3675 1080 3751 pervenio.
1110 3674 1225 3734 Vereor
1239 3675 1328 3749 enim,
1350 3691 1389 3734 ne

213 3797 320 3840 versus
346 3783 514 3855 1670-5,
538 3797 718 3858 quamquam
741 3780 812 3840 satis
835 3780 984 3840 emendati
1006 3781 1143 3857 intellegi
1164 3783 1303 3860 possunt,
1324 3780 1391 3840 uni'-

212 3887 295 3949 ‘versi
316 3891 417 3946 tamen
440 3887 525 3963 digni
547 3886 607 3946 sint
629 3886 727 3946 litura.
764 3885 843 3946 Nam
864 3885 980 3947 Helena
1002 3887 1102 3947 insula
1124 3887 1241 3965 copiose
1263 3903 1390 3946 oomme-

209 3985 325 4072 morata
347 4012 365 4053 a
387 3997 448 4053 toto
470 3994 527 4054 hoo
549 3994 614 4052 loeo
637 3994 782 4054 abhorret.
820 3994 1024 4056 Vehementer
1046 3995 1146 4074 miror,
1169 3995 1247 4073 quod
1270 3993 1391 4074 celerri-

211 4119 283 4184 mus
306 4101 430 4161 deorum
453 4097 616 4180 διάκτορος
643 4101 676 4160 in
698 4101 754 4160 hao
775 4101 888 4172 insula,
921 4101 1034 4162 Atticae
1063 4101 1191 4174 obieeta,
1220 4103 1390 4180 Aegyptum

213 4252 219 4260 ·
289 4239 310 4307 1)
328 4237 451 4307 Utroque
480 4237 605 4307 exemplo
633 4239 660 4291 et
686 4237 808 4293 Romano
837 4243 864 4292 et
887 4237 961 4308 Lips.
980 4239 1117 4307 inspeoto'
1134 4240 1240 4294 textum
1267 4237 1391 4294 exhibui.

212 4325 385 4398 Quamquam
403 4329 550 4417 utrumque
569 4325 709 4399 κληθήσαν
725 4328 842 4398 praehet,
861 4331 1004 4398 κληθεῖσαν
1021 4327 1118 4384 soribo.
