3194 4900
209 495 303 568 patet:
339 491 454 551 Helena
477 493 592 552 abhoc
615 493 752 570 coniugio
775 493 880 569 inviso,
916 509 992 570 quae
1015 492 1120 552 ultima
1143 493 1295 553 calamitas
1318 511 1385 553 eam

208 599 266 657 iam
290 604 397 673 manet,
421 599 458 657 ad
480 599 747 680 pulchritudinem,
781 619 856 678 quae
879 606 910 660 et
932 602 1008 664 hanc
1030 601 1126 676 ipsam
1149 605 1179 660 et
1202 605 1314 660 1111111
1338 618 1385 660 ca-

208 705 355 764 lamitates
371 706 528 785 pepererit,
550 710 681 766 transeat
696 712 816 784 oportet.
842 707 891 767 Sic
906 708 997 767 totius
1020 706 1160 766 orationis
1176 713 1386 782 argumentum

208 817 314 872 tenens
338 812 496 885 concludit,
519 830 590 872 nam
617 813 696 890 quod
727 814 923 891 pulchritudo,
958 833 998 873 ex
1024 831 1082 891 qua
1113 817 1229 873 ceterae
1255 813 1385 873 feminae

209 935 355 978 summam
377 918 550 978 felicitatem
571 920 743 999 percipiant,
765 921 860 997 ipsam
875 921 979 980 reddat
994 919 1191 980 miserrimam
1206 937 1384 996 magnopere

208 1025 344 1084 miratur:
368 1025 511 1084 habemus
526 1025 618 1102 igitur
633 1026 683 1085 hic
698 1045 816 1104 quoque
831 1021 927 1108 τέρας.
960 1026 1044 1100 Quod
1067 1025 1100 1084 in
1115 1026 1229 1086 duobus
1245 1025 1385 1103 deinceps

209 1130 370 1190 enuntiatis
393 1129 468 1207 (303
494 1130 573 1208 114)
595 1133 652 1212 γάρ
675 1133 795 1209 legitur,
818 1151 878 1192 111
894 1133 1081 1211 offendimus,
1104 1133 1140 1192 cf.
1157 1132 1310 1192 Matthiaei
1325 1132 1385 1192 lex.

208 1237 277 1297 Eur.
301 1257 328 1314 p.
355 1241 418 1298 604
443 1255 487 1314 sq.
533 1237 577 1297 De
601 1240 754 1300 occasione
788 1241 986 1317 interpolandi
1021 1241 1063 1299 sic
1085 1240 1191 1300 iudico.
1236 1239 1385 1299 Falsarius

209 1344 299 1404 verba
322 1342 409 1422 (293)
444 1339 474 1403 τί
507 1336 570 1428 δῆτ’
601 1343 643 1406 ἔτι
673 1347 729 1420 (⁶²3
770 1365 957 1424 ,quamquam
979 1347 1078 1407 uerbis
1101 1337 1153 1408 τίν’
1180 1339 1380 1428 ὑπολείπομαι

210 1449 319 1534 cippum
345 1451 445 1510 statim
461 1451 607 1528 explicata
629 1471 689 1512 una
704 1472 773 1513 cum
796 1455 844 1526 liis
859 1455 896 1513 ad
911 1455 1041 1514 futuram
1056 1455 1203 1514 fortrmam
1216 1454 1294 1533 (294
1309 1452 1385 1530 sqq.)

209 1557 367 1647 transitum
390 1556 515 1637 faciunt,
549 1559 587 1617 ad
614 1560 752 1640 verbum,
786 1565 819 1619 ut
843 1560 931 1635 solet,
966 1561 1079 1638 accepit
1112 1549 1213 1638 111111
1241 1559 1386 1620 moriendi

210 1664 366 1724 consilium
389 1664 598 1740 intempestiue
621 1667 755 1726 inseruit.
801 1643 845 1726 Ao
868 1668 968 1727 nescio
991 1685 1030 1726 an
1052 1667 1176 1727 11111111
1197 1685 1303 1727 uersus
1321 1669 1384 1727 298

210 1775 323 1850 partem
346 1787 363 1829 1
386 1788 476 1829 versu
500 1775 563 1835 841
589 1774 780 1834 confinxerit:

301 1903 364 1961 298
413 1902 552 1970 ...πῶς
575 1889 694 1980 θάνοιμ’
720 1891 758 1960 ἂν
782 1891 835 1960 οὖν
858 1895 976 1975 καλῶς

299 2009 362 2068 841
409 2013 471 2079 πῶς
495 1999 547 2066 οὖν
570 2000 745 2087 dauobpad’
770 1999 847 2065 ὥστε
869 2003 923 2066 καὶ
946 2000 1036 2073 δόξαν
1060 1999 1180 2083 impetu

299 2129 362 2190 Iam
385 2131 571 2190 emendatam
594 2147 713 2189 mecum
735 2130 819 2206 legas
847 2130 938 2190 velim
961 2129 1137 2189 orationem:
1168 2147 1225 2205 qua
1248 2127 1387 2187 narrandi

210 2236 324 2296 ratione
346 2242 377 2296 et
398 2239 446 2296 ria
468 2242 555 2314 poeta
577 2255 651 2297 usus
673 2237 844 2298 1111111111
866 2236 1024 2312 ignorabis,
1070 2235 1186 2295 Helena
1208 2252 1298 2294 versu
1323 2237 1385 2295 255

211 2342 243 2400 in
265 2343 440 2403 universum
473 2343 511 2403 de
541 2349 619 2403 sorte
654 2361 707 2403 sua
742 2347 847 2420 questa
875 2344 986 2424 τέρας
1020 2360 1111 2402 versu
1136 2345 1200 2404 260
1232 2341 1323 2400 vitam
1357 2345 1388 2400 11

209 2448 342 2508 fortunas
366 2467 434 2508 suas
457 2450 593 2527 appellat.
640 2450 704 2509 Hoc
726 2454 935 2526 argumentum
969 2449 1023 2509 toti
1047 2449 1170 2509 orationi
1204 2449 1387 2525 propositum

211 2555 280 2615 inde
303 2574 321 2615 a
343 2573 434 2616 versu
459 2559 522 2618 267
548 2557 723 2634 explanatur
751 2557 807 2616 hoc
834 2557 929 2616 modo.
975 2557 1019 2616 Ac
1047 2557 1177 2634 primum
1205 2556 1328 2633 quidem
1355 2555 1388 2613 in

211 2661 566 2740 1111111111267-9)
591 2663 663 2722 dicit
685 2681 718 2723 se
750 2682 811 2723 non
849 2663 935 2722 modo
967 2681 1026 2722 una
1060 2664 1191 2738 fortuna,
1227 2662 1281 2722 sed
1304 2661 1390 2720 undi-

211 2785 269 2846 que
307 2768 408 2845 affligi
454 2768 569 2829 Deinde
608 2770 741 2830 fortunas
779 2788 849 2830 suas
887 2788 1005 2845 omnes,
1038 2770 1069 2828 id
1104 2769 1183 2847 quod
1212 2768 1387 2845 singillatim

214 2875 389 2950 ostenditur,
413 2893 482 2934 cum
497 2894 600 2936 secum
616 2895 751 2954 quaeque
771 2882 884 2954 pugnet
907 2877 1022 2954 sibique
1044 2875 1224 2935 contrarium
1245 2875 1386 2953 quiddam

209 2982 329 3057 habeat,
373 2999 440 3042 esse
481 2982 570 3043 miras
610 2988 641 3043 et
678 3001 772 3043 novas
814 2978 947 3065 (τέρατα)
981 2982 1170 3041 demonstrat.
1232 2981 1386 3041 Contraria

212 3092 311 3148 autem
333 3089 367 3147 11
389 3089 462 3149 haec
478 3089 535 3150 duo
550 3090 737 3168 potissimum
760 3108 870 3167 genera
885 3091 1015 3149 dividas:
1040 3087 1067 3168 a)
1091 3089 1226 3166 quamvis
1241 3089 1384 3148 innocens

209 3213 307 3255 mersa
330 3201 377 3255 est
399 3196 499 3276 malis,
530 3195 560 3273 1)
583 3197 718 3274 quamvis
740 3197 891 3256 innocenti
913 3196 1057 3256 malorum
1079 3195 1277 3255 maximorum
1300 3194 1385 3272 culpa

211 3302 359 3362 tribuitur.

297 3423 446 3486 Fortunae
469 3431 568 3487 autem
590 3429 646 3488 hae
671 3435 753 3488 sunt:
782 3428 812 3506 1)
837 3445 912 3505 quae
935 3427 995 3486 iam
1017 3426 1200 3486 acciderunt:

254 3549 287 3628 α)
322 3551 405 3609 nullo
429 3551 543 3611 scelere
567 3553 724 3612 commisso
747 3552 824 3611 male
847 3551 930 3611 audit
953 3550 1118 3631 (270-2).

255 3655 284 3735 β)
319 3657 430 3730 Graeca
453 3658 545 3718 libera
568 3664 599 3718 et
620 3659 751 3735 ingenua
774 3665 820 3720 est
842 3659 920 3737 apud
946 3659 1083 3718 barbaros
1107 3675 1193 3718 serra
1216 3655 1382 3734 (273-6).

253 3762 283 3839 γ)
321 3781 380 3824 111
404 3765 494 3852 salua,
518 3784 604 3842 quam
630 3783 749 3842 sperare
773 3767 889 3845 licebat,
911 3784 979 3825 cum
1002 3770 1116 3824 mortuo
1140 3764 1265 3840 coniuge
1287 3763 1382 3822 ablata

321 3850 369 3938 est
392 3871 557 3949 (277-9).

254 3971 283 4053 ὃ)
322 3975 354 4034 in
377 3994 412 4036 ea
434 3978 500 4054 ipsa
522 3979 657 4056 quamuis
679 3979 830 4040 innocenti
852 3979 937 4064 culpa
960 3983 1006 4039 est
1028 3979 1170 4039 interitus
1192 3983 1223 4038 et
1245 3978 1382 4038 miseriae

318 4083 473 4143 hominum
496 4085 525 4144 ei
547 4085 769 4146 carissimorum
792 4084 957 4164 (280-5).
1164 4169 1165 4173 Ἰ

298 4205 452 4268 Transitus
475 4227 495 4268 a
519 4207 547 4286 1)
570 4209 609 4268 ad
633 4209 678 4287 2);
716 4209 766 4270 Sic
789 4209 872 4270 nulla
900 4228 933 4270 re
956 4209 1015 4269 nisi
1037 4209 1125 4269 malis
1158 4209 1261 4269 affecta
1283 4205 1381 4284 periit.

207 4311 273 4372 Una
295 4314 412 4374 fortuna
435 4333 500 4375 eam
522 4321 623 4376 manet
646 4315 731 4396 (285.
757 4319 785 4377 6.
811 4318 880 4394 93);
