3194 4900
795 259 836 317 35

223 441 342 530 κλέψας
365 443 459 533 δέμας
483 445 536 512 σάν
558 450 578 510 i.
595 467 620 512 e.
645 467 711 530 ,qno
733 455 833 512 autem
855 452 1007 512 transtulit
1028 458 1058 513 te
1081 451 1178 530 primo
1192 452 1287 514 Maiae
1309 453 1399 530 filine,

224 572 292 616 cum
314 555 537 618 Lacedaemone
559 575 696 618 amovere
718 557 770 635 (ac.
794 555 835 635 te)
859 557 1037 618 caelestibus
1059 559 1199 637 placeret,
1221 559 1323 620 furtim
1347 560 1398 620 ab·

223 660 282 722 lato
304 680 424 741 corpore
446 667 498 724 tuo
520 663 634 742 (fanum
655 662 813 744 ablatamt.
858 660 978 728 Δοκοῦν
1000 666 1136 728 absolute
1157 667 1288 746 positum
1321 665 1400 746 apud

223 767 396 847 Emipidem
418 769 520 830 inveni
534 766 590 830 'his
612 769 700 830 locis:

267 874 339 936 Hec.
366 875 495 938 tlt-9

481 977 555 1052 δόξα
578 973 608 1042 δ’
634 977 745 1064 ἐχώρει
768 974 831 1064 δίχ’
850 975 895 1045 ἀν’
915 975 1077 1067 Ἑλλήνων

481 1088 610 1169 στρατὸν
633 1083 794 1175 αἰχμητήν,
817 1097 879 1162 τοῖς
901 1091 957 1175 μὲν
980 1088 1097 1154 διδόναι

479 1197 582 1282 τίνμβιμ
606 1195 741 1280 σφάγιον,
763 1203 825 1269 τοῖς
848 1191 879 1259 δ’
904 1191 974 1280 οὐχί
996 1196 1115 1262 δοκοῦν.

265 1303 337 1364 Hec.
362 1308 425 1368 505
443 1323 488 1384 aq.
715 1290 717 1294 ¹
879 1277 887 1296 ί

480 1407 505 1474 ὡ
528 1405 663 1498 φίλτατ’,
686 1407 747 1496 ἆρα
768 1401 845 1496 κάμ’
869 1408 1035 1494 ἐπισφάξαι
1056 1409 1144 1494 τάφῳ

479 1517 592 1582 δοκοῦν
611 1513 744 1602 Ἀχαιοῖς
765 1514 879 1603 ἦλθες

220 1624 284 1684 Iam
306 1643 426 1686 versum
452 1630 536 1687 1673
560 1625 593 1686 in
614 1627 701 1686 libris
723 1627 891 1700 miserrime
908 1623 1050 1704 scriptum
1070 1625 1127 1685 viri
1142 1625 1222 1686 docti
1237 1626 1281 1686 sic
1296 1645 1398 1688 emen·

221 1731 378 1792 laverunt:
402 1731 535 1817 φρουρὸν
550 1726 621 1816 παρ’
642 1724 742 1816 ’neap
753 1731 778 1814 1)
802 1732 848 1812 (G.
860 1732 1034 1812 Hermann.)
1049 1726 1216 1817 τεταμένην
1232 1733 1396 1813 (Reiskr'us)

221 1847 313 1923 νησον
336 1833 423 1920 λέγω.
447 1840 482 1901 G.
504 1839 723 1915 Hermannum,
757 1857 826 1900 curn
847 1839 885 1901 de
907 1839 1006 1899 insiila
1028 1839 1144 1900 Atticae
1173 1840 1287 1901 obieeta
1314 1841 1394 1920 cogi·

219 1951 286 2006 tans
308 1944 382 2029 παρ’
402 1940 503 2030 'Atta-p
527 1966 580 2025 pro
602 1939 672 2028 παρί
697 1939 793 2031 άκτην
816 1948 967 2027 scriberet,
989 1966 1050 2007 non
1072 1965 1188 2010 errasse
1213 1954 1306 2010 testes
1322 1957 1393 2010 sunt

221 2053 379 2130 scriptores
401 2059 526 2129 vetarer,
550 2055 602 2132 qui
615 2059 732 2132 praeter
747 2055 823 2114 hanc
837 2055 966 2115 insulam
981 2055 1095 2115 nullam
1115 2057 1254 2118 noverint
1264 2048 1395 2141 Ἓλὲνην

200 2159 406 2221 nominatam.
439 2160 546 2239 Neque
569 2179 672 2221 omnes
694 2161 750 2220 hos
765 2161 846 2221 locos
860 2161 1084 2242 perscriberem,
1106 2163 1166 2222 nisi
1181 2181 1257 2244 quae
1274 2165 1390 2242 exposi-

219 2272 304 2328 turus
338 2285 405 2328 sum
433 2286 535 2329 eorum
562 2287 631 2346 pars
666 2269 737 2328 satia
760 2287 868 2346 magna
903 2289 942 2330 ex
967 2269 1084 2330 Helena
1112 2271 1213 2352 insula
1246 2286 1397 2350 nusquam

218 2373 290 2435 alibi
323 2376 385 2436 m'si
418 2377 496 2454 apud
518 2377 647 2437 Atticam
684 2377 741 2436 sita
766 2378 917 2457 penderet.
962 2379 1115 2453 Anonymi
1146 2379 1238 2455 vulgo
1261 2379 1396 2454 Scylacia

220 2481 363 2558 carpana.
385 2485 489 2562 peripl.
524 2484 570 2544 etl.
594 2481 751 2545 Fabricius
776 2488 877 2547 1878:
918 2487 959 2547 58
983 2478 1073 2546 Κατὰ
1107 2483 1221 2569 δὲτὴν
1249 2479 1395 2570 Ἀττικήν

219 2583 276 2650 εἰσι
298 2597 383 2675 νησοι
405 2585 437 2651 αἱ
459 2584 620 2664 Κοκλάδες
641 2585 827 2673 καλούμεναι
848 2589 902 2652 καὶ
923 2588 1030 2663 πόλεις
1052 2587 1120 2654 αίδε
1145 2589 1178 2655 ἐν
1193 2599 1257 2668 ταῖς
1280 2589 1393 2676 νίγσοις.

218 2690 441 2782 Κέως-αίίτη
450 2695 634 2780 τετράπολις·
644 2693 803 2784 Ποιηεσσα
813 2696 901 2774 πόλις
909 2698 963 2760 καί
971 2694 1258 2784 λιμήν,Κορησσίοι,
1270 2693 1391 2774 Ἰοολίς,

217 2795 426 2886 Καρθαία-,
446 2797 567 2889 Ἑλένη,
590 2799 717 2880 Κύδνος
740 2814 832 2891 νῆσος
858 2804 913 2867 καί
938 2802 1033 2880 πόλις,
1068 2804 1134 2882 κτλ.
1159 2841 1201 2851 ἡ
1226 2807 1320 2868 Strab.
1344 2807 1391 2867 ed„

134 2917 137 2922 '
217 2909 365 2988 Meineke‚
391 2917 441 2988 10,
465 2917 494 2988 5,
519 2917 538 2974 3
563 2911 600 2992 (p.
616 2913 692 2992 485)
716 2905 792 2973 Κατ’
818 2909 917 2995 ἀρχάς
940 2909 994 2997 μὲν
1018 2905 1071 2975 οὖν
1095 2911 1220 2974 δώδεκα
1241 2907 1395 3008 λέγονται·

162 3008 167 3018 ’
216 3013 436 3098 προσεγένοντο
466 3018 500 3081 δὲ
529 3019 583 3081 καί
610 3017 743 3092 πλείους.
785 3011 1013 3104 Ἀρτεμίδωρος
1047 3027 1118 3097 γοῦν
1151 3019 1390 3099 [πεντεκαίδεκα]

217 3122 428 3208 διαριθμεῐτσι,
451 3125 519 3206 περὶ
539 3134 593 3211 τῆς
605 3117 735 3210 Ἓλὲνης
757 3121 846 3189 εἰπὼν
871 3121 917 3188 ὅτι
932 3122 994 3188 άπὸ
1010 3121 1145 3207 Θορὶκοω
1161 3129 1252 3210 μέχρι
1266 3121 1393 3190 Σοονίοο

216 3229 400 3314 παράκειται
422 3233 526 3316 μακρὰ
548 3229 678 3297 σταδίων
714 3229 786 3296 ὅσον
809 3229 959 3318 ἑξήκοντα
987 3234 1035 3296 τὸν
1051 3244 1163 3321 μῆκος,
1196 3230 1258 3297 ἀπὸ
1281 3235 1392 3319 ταὺτης

217 3335 283 3421 γάρ,
304 3335 422 3424 φησίν,Ι
443 3334 477 3401 αἱ
497 3337 685 3425 καλοάμεναι
706 3335 869 3416 Κοκλάδες
892 3338 978 3404 είσίν·
1016 3337 1161 3427 ὀνομάζει
1183 3339 1216 3426 δὲ
1239 3335 1313 3402 Κέω
1336 3341 1393 3426 τὴν

216 3441 366 3524 ἐγγυτάτω
388 3446 426 3529 ,τη
445 3437 562 3530 Ἑλένη.
586 3449 733 3509 —idem
757 3452 786 3525 9,
812 3453 840 3524 1,
865 3452 905 3510 22
931 3447 968 3529 (p.
996 3449 1074 3527 399)
1103 3445 1260 3530 πρόκειται
1282 3445 1316 3508 δὲ
1338 3456 1394 3534 της

215 3549 368 3633 παραλίας
401 3546 513 3638 ταύτης
546 3552 608 3633 πρὸ
643 3553 699 3637 μὲν
733 3561 786 3616 τοῦ
810 3549 942 3636 Θορίκοι)
975 3553 1101 3617 καὶτοῦ
1132 3549 1261 3616 Σοονὶοο
1296 3562 1391 3640 νῆσος
1509 3585 1512 3590 ·

210 3649 328 3743 Ἓλὲνη
351 3666 480 3743 τραχεῖα
501 3660 555 3723 καί
577 3658 700 3744 ἔρημος,
723 3659 908 3748 παραμήκης
932 3657 1005 3725 ὅσον
1028 3656 1177 3745 ἑξήκοντα
1200 3657 1330 3724 σταδίων
1351 3662 1387 3723 τὸ

214 3800 430 3812 nnn—u—

289 3872 311 3942 1)
329 3870 370 3926 De
387 3871 457 3928 Acte
476 3871 510 3928 ef.
529 3887 597 3942 quos
614 3871 650 3928 R
663 3871 815 3942 Stephanus
828 3872 1018 3928 commemorat
1034 3869 1242 3940 lexicographos
1260 3872 1288 3925 et
1300 3870 1387 3939 scrip·

215 3960 298 4031 tores,
317 3960 365 4031 qni
383 3961 545 4017 maritimam
554 3962 661 4017 Atticae
679 3963 781 4031 partem
810 3979 877 4032 quaa
898 3962 931 4017 ad
950 3960 1081 4016 orientem
1100 3962 1204 4030 spectet
1221 3959 1327 4030 proprio
1340 3976 1390 4014 no-

214 4049 289 4104 mine
307 4047 402 4123 Ἀκτὴν
412 4051 523 4106 tradunt
540 4051 700 4122 appellatam
718 4050 812 4106 luisse.
839 4050 946 4106 Nomen
965 4048 1073 4104 scilicet
1091 4067 1108 4104 a
1125 4065 1155 4105 re
1173 4049 1234 4119 ipsa
1252 4049 1392 4118 sumptum

215 4141 265 4209 eet,
283 4140 419 4195 maritima
436 4142 510 4196 enim
527 4143 613 4196 terrae
630 4156 694 4210 pars
721 4141 764 4196 est
788 4139 856 4214 ἀκτή
873 4155 911 4196 ec.
929 4147 975 4214 γῆ.
1012 4138 1071 4206 Quo
1089 4138 1198 4195 nomine
1226 4139 1308 4193 etiam
1336 4139 1392 4192 tota

215 4230 308 4286 Attica
325 4230 461 4286 interdum
480 4231 612 4302 appellata
629 4233 679 4300 eat,
698 4246 779 4300 qnam
796 4229 883 4299 ipsam
901 4231 967 4284 item
990 4247 1005 4284 a
1023 4228 1159 4284 maritimo
1182 4227 1239 4284 situ
1263 4227 1386 4283 denomi-

215 4323 287 4374 atam
303 4337 364 4376 esse
382 4327 500 4392 apparet,
519 4320 627 4392 Ἀττική
645 4320 719 4376 enim
739 4322 782 4376 est
800 4319 891 4392 ἀκτικίγ
910 4336 947 4376 so.
966 4327 1011 4394 γῆ.
1139 4403 1178 4463 3·
