3194 4900
278 1559 330 1635 ,De
363 1559 516 1620 nonnullis
549 1558 683 1619 Helenae
717 1557 833 1618 fabulae
868 1557 1044 1636 Euripideae
1078 1557 1363 1637 interpolationibus

188 1667 366 1746 scripturus,
396 1667 475 1744 quod
500 1666 533 1726 in
561 1666 736 1726 universum
764 1666 802 1726 de
831 1665 998 1726 fabularum
1021 1666 1249 1745 lluripidearum
1272 1667 1365 1728 inter·

186 1774 332 1852 polatione
355 1773 444 1832 verba
466 1790 526 1832 non
547 1773 631 1848 facio,
654 1791 742 1832 nemo
764 1772 950 1850 vituperabit,
974 1773 1136 1834 multarum
1159 1773 1238 1834 enim
1255 1773 1364 1834 disser-

30 1888 33 1905 '
130 1938 136 1951 ,
186 1883 329 1942 tationum
352 1879 581 1958 praefationibus
604 1884 664 1940 tota
686 1881 751 1941 fere
774 1881 847 1940 haec
870 1881 1004 1958 quaestio
1027 1885 1150 1941 tractata
1173 1886 1227 1942 est.
1272 1882 1364 1943 Hele-

186 2006 255 2048 nam
277 1987 466 2066 potissimum
489 1986 578 2063 elegi,
601 1987 712 2066 quippe
735 2006 793 2065 qua
815 1987 914 2047 fabula
937 2007 1032 2065 paene
1054 1989 1138 2048 nulla
1160 1989 1259 2048 minus
1288 1989 1364 2048 viro-

186 2113 254 2154 rum
277 2093 446 2154 criticorum
468 2111 574 2153 manus
597 2099 719 2170 experta
742 2099 829 2156 esset.
870 2095 1005 2154 Pessime
1028 2099 1128 2156 autem
1150 2094 1236 2154 nobis
1258 2095 1365 2180 tradita

187 2205 247 2276 est,
278 2201 397 2279 saepius
420 2201 501 2262 enim
523 2200 581 2260 loci
605 2200 799 2261 inveniuntur
820 2205 881 2260 tam
911 2201 1074 2280 desperati,
1103 2206 1152 2277 ut,
1180 2201 1252 2279 quid
1280 2205 1364 2278 poeta

181 2309 250 2388 ipse
274 2309 434 2387 scripserit,
456 2327 609 2386 nimquam
630 2308 725 2385 possit
747 2307 888 2383 indagari.
934 2307 1046 2367 Earum
1073 2312 1174 2367 autem
1196 2307 1364 2368 fabularum

186 2415 218 2474 in
245 2434 370 2476 numero
392 2415 507 2477 Helena
530 2421 591 2491 est,
620 2433 745 2494 quarum
773 2433 842 2474 cum
865 2432 945 2474 unus
969 2415 1137 2476 diutissime
1167 2417 1260 2478 codex
1287 2394 1365 2475 Lau-

186 2523 339 2582 rentianus
368 2521 579 2600 (Florentinus)
602 2521 734 2597 XXXII,
765 2525 783 2582 2
813 2526 902 2580 nctus
921 2525 1011 2581 esset
1038 2522 1163 2599 eiusque
1190 2522 1363 2600 apographa,

186 2628 321 2688 Parisina
342 2629 408 2704 tria,
430 2627 581 2689 Venetam
604 2646 707 2703 unum,
730 2627 935 2688 Florentinum
957 2646 1060 2704 unum,
1083 2626 1221 2687 Prinzius
1236 2628 1363 2686 alterum

187 2741 255 2796 ante
277 2737 332 2795 hos
355 2735 459 2796 decem
482 2754 575 2796 annos
604 2737 636 2795 in
659 2736 792 2796 medium
814 2737 948 2815 protadii,
977 2736 1110 2796 codicem
1132 2735 1274 2794 Abbatiae
1297 2733 1363 2793 no-

187 2843 321 2903 rentinae
346 2847 440 2904 2664.
487 2841 582 2916 Quem
605 2860 665 2902 non
688 2843 816 2902 multum
837 2861 855 2902 a
877 2843 976 2919 priore
998 2841 1177 2918 discrepare,
1202 2844 1363 2916 utrumque
1396 2917 1399 2924 .
1468 2914 1472 2922 ι

188 2967 228 3011 ex
250 2951 356 3011 ecdem
387 2950 547 3027 archetypo
575 2949 700 3009 fluxisse
728 2949 834 3010 docere
863 2950 976 3010 studuit
1006 2949 1046 3028 (n.
1070 2949 1162 3010 iahrb.
1185 2948 1206 3006 f.
1222 2948 1293 3026 phil.
1311 2945 1365 3032 CX
1392 2971 1393 2974 ¹
1502 2977 1503 2984 1

193 3057 289 3138 1872)
335 3077 363 3134 p.
388 3056 479 3134 525),
509 3061 598 3134 atque
622 3058 679 3116 hoc
701 3075 806 3116 verum
829 3075 896 3117 esse
919 3057 1084 3132 intellexit,
1114 3059 1271 3134 postquam
1296 3055 1362 3130 ipse

187 3164 302 3224 codices
324 3165 470 3242 inspexit:
494 3163 588 3224 codex
611 3164 692 3224 enim
714 3163 846 3224 abbatiae
862 3163 1052 3224 Florentinae
1075 3180 1143 3240 pars
1165 3161 1297 3221 abscissa
1318 3165 1364 3219 est
1468 3175 1471 3181 ’

187 3271 446 3332 coaeternam
471 3264 574 3349 reu).

123 3531 124 3536 a
266 3481 286 3549 ι)
306 3481 341 3538 a
359 3479 515 3536 1111111111
527 3479 619 3538 nem.
638 3479 706 3534 xm
716 3496 742 3547 p.
757 3477 809 3532 133
828 3481 855 3532 a
873 3475 978 3546 viani,
996 3444 1094 3532 evisa
1112 3475 1141 3529 11
1160 3441 1279 3544 n010ga'
1294 3471 1365 3528 vm

186 3589 211 3639 p.
232 3569 293 3624 514.
