3194 4900
732 347 772 405 17

162 560 203 622 cf.
227 559 316 620 ctiam
339 557 404 635 Iph.
427 557 495 616 Aul.
520 560 583 619 836

378 723 382 733 ,
430 659 456 724 ὦ
478 659 558 736 θεᾶς
579 669 636 723 παῖ
655 658 781 732 ποντίοις
803 656 967 746 Νηρηίδος.

258 770 316 845 Qui
339 772 430 831 verba
452 763 597 852 Νηρῇδος
632 766 754 846 ἔκγονος
776 765 855 851 κόρη
890 788 930 830 ex
951 769 1044 829 altero
1066 768 1198 828 Helenae
1223 767 1287 827 loco
1309 766 1342 826 in

166 880 297 958 priorem
320 877 362 936 ita
383 875 544 956 transtulit,
566 881 601 935 ut
622 875 738 936 duobus
760 875 911 935 vocabulis
933 873 1092 953 postremis
1114 875 1147 934 in
1169 874 1343 950 genetivum

167 985 290 1046 mutatis
313 1001 416 1044 omnes
439 985 471 1042 in
493 1000 583 1043 versu
607 985 670 1044 318
694 981 881 1058 ineleganter
903 958 1059 1059 praeberet
1080 981 1242 1058 genetivus.

257 1091 345 1151 Nunc
371 1094 464 1149 totam
485 1089 563 1149 hanc
586 1089 799 1148 oratiunculam
823 1107 1061 1166 percenseamus.
1106 1088 1241 1148 Helenae
1265 1106 1343 1148 mor·
1374 1078 1376 1084 ’

168 1203 254 1259 tuum
277 1196 344 1259 csse
356 1194 526 1256 Menelaum
549 1196 711 1273 suspicanti
733 1213 912 1273 omnemque
929 1213 1014 1273 spem
1037 1195 1183 1269 abicienti,
1206 1194 1346 1256 utTheo-

168 1323 256 1365 neam
279 1309 378 1364 ratem
412 1304 528 1363 dehac
561 1321 596 1364 re
617 1302 794 1378 interroget,
829 1303 936 1362 chorus
971 1302 1096 1363 suadet
1128 1303 1173 1361 Ac
1205 1302 1344 1378 primum

168 1412 292 1490 quidem
313 1413 368 1471 has
391 1415 528 1488 quattuor
550 1414 649 1488 partes
672 1409 813 1470 facillime
835 1409 1084 1470 internoscimus:

261 1519 301 1596 ,1)
325 1519 337 1577 i
359 1519 392 1577 in
414 1519 543 1592 domum,
568 1515 599 1595 2)
623 1518 773 1593 interroga
795 1517 972 1593 Theonoam,
1003 1516 1034 1595 3)
1059 1535 1134 1594 quae
1157 1517 1257 1576 omnia
1280 1517 1345 1591 scit,

171 1625 205 1704 4)
228 1630 327 1685 utrum
343 1625 430 1684 ‘viva
450 1625 547 1685 adhuc
569 1626 679 1684 coniux
700 1629 771 1684 tuus
793 1643 832 1684 an
854 1629 989 1689 mortuus
1012 1625 1071 1690 sit‘

257 1733 325 1792 Alia
362 1731 470 1792 deinde
503 1749 537 1791 re
571 1731 683 1792 monita
718 1732 795 1811 (320
818 1736 894 1792 extr.
919 1766 962 1775 —
988 1735 1006 1792 3
1030 1732 1121 1808 med.)
1154 1730 1254 1790 uerbis
1277 1721 1341 1791 ἀλλ’

169 1833 238 1920 ἐμοὶ
271 1835 361 1900 andei>
395 1856 469 1898 usus
492 1837 571 1898 redit
604 1837 643 1898 ad
665 1856 701 1898 ea
734 1857 810 1914 quae
845 1839 933 1899 antea
956 1842 1089 1898 suaserat
1123 1837 1276 1898 simillime
1299 1855 1346 1898 re-

170 1947 313 2024 petenda:
339 1947 370 2023 1)
385 1946 521 2023 relinque
537 1945 716 2022 sepulcrum,
742 1944 772 2024 2)
788 1947 913 2006 conveni
928 1945 1086 2022 uirginem,
1111 1945 1141 2025 3)
1153 1945 1233 2005 unde
1250 1946 1347 2004 omnia

167 2071 340 2130 cognosces,
365 2053 398 2130 4)
421 2057 455 2112 ut
477 2070 583 2112 verum
605 2052 691 2112 dicat,
715 2052 816 2112 Velim
839 2057 973 2113 accurata
996 2053 1146 2113 conferas:

172 2160 203 2240 1)
250 2152 374 2222 ἐλθοῦσ’
392 2156 424 2229 ἐς
444 2155 545 2229 οἴνους
774 2195 817 2203 —-
841 2157 936 2243 τάφον
957 2155 1087 2222 λιποῦσα
1108 2155 1196 2222 τόνδε

754 2268 792 2331 cf.
823 2270 887 2328 315
905 2270 1059 2350 μνήματος
1081 2257 1198 2327 λιποῦσ’
1218 2188 1346 2347 ἕδρανλ

171 2372 205 2450 2)
251 2370 351 2434 πυθοῦ
375 2367 510 2455 Θεονόης
777 2407 820 2416 --
844 2355 991 2456 σόμριξον
1013 2370 1090 2455 κόρη

169 2479 203 2558 3)
248 2477 330 2564 ἣτὰ
352 2472 433 2542 πάντ’
459 2476 613 2543 ἐπίσταται
780 2516 822 2525 -
847 2476 977 2564 ὅθενπερ
1001 2478 1075 2542 εἴσει
1096 2477 1197 2544 πάντα

168 2586 203 2666 4)
250 2589 338 2649 πόσιν
350 2587 405 2649 σόν
418 2584 471 2648 εἴτ’
483 2581 543 2650 ἔστ’
554 2584 597 2649 ἔτι
608 2581 666 2650 εἴτ’
679 2586 744 2650 κτλ.
780 2624 822 2633 -
844 2583 969 2674 τάληθη
993 2589 1108 2670 φράσαι

157 2741 159 2746 .
261 2695 327 2770 Res,
346 2693 480 2772 singulae
504 2695 630 2771 singulis
653 2696 841 2774 respondent,
876 2701 1012 2774 quattuor
1034 2714 1084 2756 res
1107 2714 1195 2774 supra
1217 2695 1346 2756 monitae

169 2806 359 2879 repetmtun
397 2802 487 2862 etiam
510 2806 657 2862 structrra
690 2803 780 2862 trium
803 2804 1022 2863 enuntiatorum
1055 2803 1188 2894 priorum
1221 2806 1347 2879 utroque

170 2909 236 2968 loco
259 2913 306 2968 est
327 2908 449 2968 eadem·
485 2907 582 2982 Quare
604 2927 674 2968 cum
706 2909 797 2969 verba
818 2912 904 2971 πόσιν
927 2909 983 2971 σόν
1006 2901 1061 2971 εἴτ’
1085 2907 1152 2970 κτλ.
1187 2927 1227 2970 ex
1257 2909 1347 2968 verbo

168 3012 274 3077 πυθοῦ
299 3009 453 3098 (Θεονόης)
476 3014 634 3093 pendeant,
658 3016 747 3076 etiam
769 3018 859 3076 verba
880 3011 1002 3102 τάληθῆ
1027 3011 1141 3101 φράσαι
1162 3017 1200 3076 ad
1222 3016 1348 3077 eandem

171 3141 237 3182 rem
261 3123 423 3200 spectantia
456 3141 495 3182 ex
517 3116 662 3204 οόμμιξυν
686 3120 788 3205 (κόρη)
823 3124 953 3201 pendere
981 3124 1084 3202 colligi
1111 3128 1216 3203 potest.
1263 3123 1347 3186 Hanc
1414 3193 1415 3198 η

174 3231 353 3290 structuram
384 3228 419 3289 G.
442 3228 645 3310 Hermannus,
674 3248 744 3290 cum
777 3231 827 3289 alii
837 3229 862 3308 1)
891 3231 1011 3290 aliunde
1035 3231 1083 3309 (cf.
1112 3221 1214 3291 Herm.
1237 3228 1346 3308 adnot.)

170 3337 263 3396 verba
283 3331 407 3418 τάληθῆ
433 3333 545 3420 φράσαι
567 3338 698 3415 pendere
720 3338 945 3412 arbitrarentur,
979 3338 1119 3416 probavit
1164 3337 1270 3415 Neque
1297 3353 1347 3396 me

171 3443 250 3518 fugit
271 3461 332 3502 non
354 3443 441 3502 modo
462 3444 531 3503 illas
554 3445 788 3505 constructiones
811 3463 878 3505 esse
901 3445 1049 3521 duriores,
1083 3445 1139 3506 sed
1161 3446 1250 3504 etiam
1271 3444 1348 3505 Her·

172 3549 284 3624 manni,
306 3567 404 3627 neque
426 3555 527 3610 tamen
549 3552 623 3611 haee
644 3556 705 3610 tam
727 3551 802 3611 dura
824 3556 879 3625 est,
903 3570 977 3630 quae
1000 3553 1037 3611 ab
1065 3551 1286 3629 interpolatore,
1309 3551 1347 3611 de

172 3675 231 3735 quo
254 3661 374 3716 acturus
397 3674 477 3732 sum,
513 3657 629 3718 admitti
655 3676 717 3718 non
744 3660 881 3736 potuerit
928 3659 1069 3737 Sequitur
1096 3659 1220 3736 insuper
1243 3659 1348 3718 eadem

173 3764 296 3842 quidem
317 3765 490 3838 cohortatio,
530 3765 582 3824 sed
621 3769 767 3825 eontracta
796 3771 828 3825 et
855 3767 987 3826 astricta:
1028 3769 1090 3827 326
1127 3784 1205 3839 ,cum
1238 3766 1271 3826 in
1293 3766 1348 3824 hac

170 3871 260 3930 domo
281 3871 405 3945 habeas,
430 3871 512 3949 ‘quid
546 3871 665 3947 longius
700 3870 846 3950 spectaSP‘
896 3871 976 3946 Quid
997 3872 1078 3932 domi
1099 3873 1237 3948 haberet,
1276 3871 1347 3931 satis

170 3995 322 4055 superque
337 3979 444 4038 chorus
461 3977 615 4038 disseruit:
630 3995 738 4058 nempe
755 3963 924 4038 Theonoam
938 3982 1045 4052 vatem,
1069 3979 1168 4039 omnia
1184 3979 1347 4038 scientem?

263 4243 286 4311 ¹)
304 4241 829 4312 Mellodunussuoffmannusfiahrb.
848 4244 867 4299 f.
887 4243 965 4300 alass
975 4244 1044 4313 phil
1054 4244 1089 4299 85
1100 4243 1192 4315 (1862)
1209 4260 1235 4311 p.
1242 4241 1295 4296 593
1305 4257 1347 4311 sq.

171 4329 203 4382 et
218 4330 387 4401 interpusgit
404 4333 431 4386 et
449 4331 598 4400 intellegit:
626 4331 746 4405 τάληθῆ,
766 4333 874 4404 φράσαι,
905 4332 990 4406 ἔχυυο’
1016 4334 1042 4388 ἐν
1059 4333 1114 4390 ιιιλ.
1134 4353 1166 4381 =
1186 4332 1347 4399 ,veritatem

173 4421 275 4490 reputa,
295 4437 358 4476 cum
375 4423 494 4492 paratam
511 4422 611 4477 habeas
629 4421 660 4476 in
677 4421 722 4476 his
732 4421 853 4491 aedibus,
873 4439 922 4478 our
939 4422 1088 4492 longinqua
1107 4422 1213 4491 quaeris
1232 4419 1346 4476 oculisl'

1116 4517 1133 4569 2
