3194 4900
790 281 807 337 6

434 493 475 573 μή
500 509 542 563 τις
565 486 698 550 πολιτῶν
722 485 754 550 ἐν
777 485 869 569 τρίβῳ
886 485 1067 569 φαντάζεται

433 592 527 678 κάμοί
550 595 605 678 μὲν
628 591 708 677 tlt-p
734 591 851 675 φαῦλος
874 589 916 668 ὡς
939 589 1038 676 δούλῳ
1062 592 1167 676 ψόγος,

434 703 481 764 σοὶ
505 696 532 763 δ’
559 697 600 776 ὡς
623 697 750 784 ἀνάσσῃ.
838 733 842 744 ·

300 809 357 869 Hic
380 809 480 885 locus,
516 809 568 886 qur
591 827 661 868 eum
683 808 860 884 intellegere
884 812 914 867 et
936 807 1125 885 interpretari
1148 813 1325 868 conarentur
1349 809 1398 871 sic

212 917 369 995 scriptum,
405 933 509 975 omnes
549 913 648 975 elusit.
695 915 737 973 Ac
775 913 905 991 primum
939 913 1061 991 quidem
1106 916 1235 974 maxime
1262 915 1399 994 offendit,

212 1022 290 1098 quod
313 1023 394 1082 idem
417 1017 459 1104 μή
484 1025 535 1080 aut
556 1021 589 1079 in
612 1019 727 1080 duobus
751 1018 913 1080 enuntiatis
938 1037 970 1080 se
994 1020 1212 1097 excipientibus
1235 1021 1399 1100 particula-

211 1145 269 1204 que
292 1125 345 1188 καί
368 1127 533 1188 coniunctis
567 1127 651 1186 finali
673 1127 704 1185 vi
726 1131 900 1203 usmpatum
930 1144 998 1185 cum
1026 1127 1121 1186 modis
1145 1128 1285 1204 deinceps
1314 1127 1399 1186 indi·

212 1233 305 1294 cativo
329 1239 360 1294 et
382 1233 570 1294 coniunctivo
592 1232 713 1310 ponitur
735 1237 787 1291 aut
808 1232 841 1291 in
864 1233 960 1311 priore
985 1234 1137 1294 emmtiato
1159 1251 1282 1311 prorsus
1305 1212 1401 1294 aliter

210 1341 447 1418 intellegendum
470 1345 517 1401 est
547 1345 635 1416 atque
658 1339 690 1398 in
712 1340 805 1399 altero
830 1339 876 1417 (cf.
901 1339 934 1400 (i.
958 1340 1123 1401 Hermanni
1153 1340 1270 1419 adnot).
1317 1342 1397 1400 Acta

211 1452 310 1508 autem
333 1466 371 1508 ne
394 1467 489 1527 agam,
511 1465 580 1507 cum
603 1446 764 1520 Taclravio,
799 1447 849 1523 qui
879 1465 907 1523 p.
933 1449 973 1508 69
999 1465 1042 1524 sq.
1077 1447 1115 1506 de
1137 1448 1280 1508 hocloco
1314 1451 1401 1508 recte·

212 1553 381 1631 disputavit,
406 1554 577 1631 scripserim
601 1557 641 1614 93
668 1549 698 1612 εί
716 1570 761 1626 τις
783 1571 836 1630 pro
861 1554 963 1636 μήτις
986 1558 1017 1612 et
1034 1557 1074 1615 94
1100 1552 1141 1637 μὴ
1159 1552 1209 1636 μοὶ
1232 1554 1281 1614 vel
1296 1554 1402 1631 potius
1420 1543 1423 1550 ⁴

213 1652 262 1743 μὴ’
289 1659 340 1743 μοὶ
362 1679 414 1738 pro
437 1655 538 1744 κάμοί.
584 1659 648 1718 lam
670 1659 828 1719 habemus:
869 1659 1037 1739 Exspecta,
1066 1666 1100 1720 ut
1122 1665 1190 1720 ante
1213 1661 1401 1737 investigem

212 1767 308 1841 viam,
347 1768 373 1826 si
396 1768 463 1844 quis
486 1767 561 1825 civis
594 1765 628 1824 in
658 1766 763 1826 semita
792 1772 972 1843 compareat,
1009 1785 1048 1828 ne
1077 1767 1339 1844 vituperemur..
1370 1765 1396 1826 f.

212 1872 389 1933 Etiamnunc
412 1874 539 1933 alterum
563 1873 860 1962 enuntiatrmlfinale
885 1891 923 1932 ex
938 1873 1035 1950 priore
1058 1873 1175 1950 pendet.
1200 1873 1259 1934 Sed
1282 1874 1402 1949 dubito,

213 1999 286 2039 num
308 1985 477 2058 utrumque,
501 1980 527 2039 si
542 1997 606 2040 rem
628 1979 775 2057 ponderes
799 1984 829 2039 et
843 1980 1017 2057 perpendae,
1040 1983 1151 2040 rectam
1166 1982 1304 2058 praebeat
1328 1998 1401 2040 sen·

212 2087 337 2146 tentiam
368 2092 494 2164 apteque
527 2087 564 2146 ad
588 2105 622 2147 ea
646 2104 722 2164 quae
744 2087 961 2163 praecesserint
988 2087 1093 2146 referri
1116 2088 1217 2164 possit.
1263 2086 1332 2147 Non
1354 2087 1398 2146 ita

213 2197 305 2252 recta,
317 2193 416 2252 evadit
432 2194 587 2272 sententia,
610 2192 688 2270 quod
712 2186 754 2262 ὡς
770 2186 806 2253 ἂν
822 2189 1075 2276 προυξερευνήσω
1092 2189 1192 2272 στίβον
1215 2211 1254 2253 ex
1270 2188 1401 2274 ἐπίσχες

213 2305 326 2359 manat:
365 2300 544 2375 Antigonam
566 2299 754 2377 paedagogus
777 2300 859 2359 iubet
881 2304 1068 2379 exspectare,
1096 2305 1130 2360 ut
1152 2305 1238 2360 antea
1261 2300 1399 2377 exploret

214 2407 358 2467 semitam.
405 2406 499 2466 illane
534 2424 593 2466 non
621 2406 699 2465 adsit
721 2424 845 2466 necesse
869 2411 928 2481 est,
963 2408 1036 2467 dum
1071 2406 1222 2485 explorat?
1260 2407 1398 2467 Minime.

212 2512 318 2573 Nonne
330 2513 411 2572 idem
422 2512 518 2572 facere
530 2517 635 2591 potest,
658 2513 730 2571 dum
751 2513 804 2570 illa
826 2513 928 2572 adest?
952 2513 993 2572 Ut
1015 2514 1051 2572 ad
1066 2514 1193 2574 alterum
1208 2513 1397 2574 enuntiatum

213 2620 301 2680 finale
338 2619 391 2702 (μὴ
412 2611 475 2701 ’μοί
490 2666 495 2678 .
509 2667 515 2678 .
529 2617 547 2697 .)
571 2617 808 2698 progrediamur,
843 2620 1035 2697 paedagogus
1065 2621 1091 2680 si
1114 2621 1190 2697 sapit
1213 2621 1312 2682 dicere
1335 2639 1396 2680 non

161 2806 163 2810 Ι
213 2731 311 2804 potest
344 2731 430 2785 antea
453 2723 632 2803 explorando
655 2726 686 2784 id
710 2743 743 2786 se
774 2743 881 2806 agere,
912 2744 950 2786 ne
979 2727 1031 2786 illa
1059 2727 1259 2808 vituperetur:
1295 2746 1400 2806 neque

214 2834 295 2893 enim
325 2851 360 2895 eo
389 2833 467 2910 quod
491 2832 624 2910 explorat
658 2833 777 2892 efficere
800 2837 912 2910 potest,
947 2837 980 2892 ut
997 2851 1090 2907 ,nemo
1125 2834 1200 2894 civis
1234 2834 1266 2893 in
1289 2836 1400 2895 semita

216 2945 382 3016 compareat
405 2939 620 3018 vituperetque,
660 2939 713 2998 sed
736 2939 788 2997 illa
810 2944 912 2998 utrum
934 2939 967 2997 in
981 2941 1133 3016 publicum
1155 2942 1276 3019 prodeat
1298 2959 1399 3001 necne

214 3045 324 3105 civium
347 3046 472 3106 interest
494 3045 531 3104 ad
554 3045 788 3123 vituperandum
835 3045 942 3106 Utrvun
965 3047 996 3104 id
1019 3048 1097 3124 quod
1120 3049 1323 3124 paedagogus,
1354 3066 1395 3106 an

215 3151 247 3211 id
276 3151 354 3229 quod
377 3152 525 3227 Antigona
548 3151 618 3210 facit
641 3153 783 3212 momenti
810 3153 917 3212 estad
944 3153 1123 3228 Antigonam
1149 3153 1398 3230 vituperandam?

215 3257 302 3318 Certe
325 3276 386 3317 non
408 3262 576 3335 propterea,
612 3255 691 3334 quod
718 3259 767 3317 hic
796 3276 855 3317 non
883 3259 1031 3338 exploret,
1065 3259 1153 3319 timor
1176 3266 1235 3335 est,
1273 3279 1312 3320 ne
1340 3261 1395 3320 illa

213 3364 459 3442 reprehendatur,
499 3365 551 3424 sed
574 3370 741 3445 propterea,
780 3365 859 3442 quod
882 3365 934 3424 illa
962 3384 1022 3425 non
1046 3372 1199 3443 exspectet
1233 3368 1397 3444 statimque

213 3477 359 3549 appareat.
405 3472 541 3531 Breviter
573 3476 609 3531 ut
630 3473 740 3547 dicam,
779 3472 850 3550 quid
873 3473 1013 3548 sentiam,
1048 3475 1140 3534 verba
1165 3473 1206 3556 μὴ
1224 3519 1231 3534 .
1249 3519 1255 3534 .
1274 3519 1281 3534 .
1298 3471 1398 3555 ψόγος

215 3575 293 3662 ἔλθῃ
319 3595 358 3639 sc.
384 3577 431 3639 ool
455 3574 586 3661 μάλιστα
609 3597 677 3638 oum
699 3579 784 3638 nullo
816 3579 874 3639 alio
896 3581 986 3640 verbo
1015 3580 1155 3656 coniungi
1178 3565 1302 3657 possunt
1332 3581 1395 3642 nisi

214 3705 283 3746 cum
299 3683 439 3768 ἐπίσχεςτ
464 3686 639 3764 quamdiu
663 3686 715 3745 illa
729 3687 866 3746 iubeatur
887 3682 1027 3768 ἐπισχεῖν
1043 3687 1211 3764 paedagogo
1226 3687 1394 3748 accuratius

216 3793 421 3855 definiendum
444 3801 498 3854 est.
544 3795 607 3854 Iam
636 3812 707 3854 vero
739 3795 812 3854 haec
840 3795 905 3871 ipsa
934 3795 1075 3871 temporis
1103 3795 1235 3854 definitio
1263 3796 1337 3855 latet
1358 3796 1393 3855 in

214 3902 312 3979 priore
327 3901 479 3961 enrrntiato
493 3901 584 3975 finali,
608 3918 678 3977 ergo
693 3919 754 3960 non
770 3895 812 3970 ὡς
828 3894 864 3960 ἂν
881 3901 1049 3980 scripserat,
1071 3902 1203 3976 arbitror,
1225 3901 1398 3982 Euripides,

215 4008 269 4067 sed
303 4005 362 4078 ἕως
391 4001 435 4069 ἄν.
483 4006 557 4082 Qam
584 4008 671 4068 facile
701 4005 759 4081 ἕως
787 4012 817 4067 et
847 4000 888 4078 ὡς
922 4007 954 4065 in
983 4007 1133 4067 codicibus
1165 4013 1397 4084 commutentur,

214 4132 303 4174 nemo
325 4115 429 4175 nescit.
474 4114 563 4174 Nrmc
585 4131 655 4174 vero
678 4119 758 4174 recta
782 4115 829 4174 est
845 4115 1005 4173 sententia:
1032 4121 1187 4191 ,exspecta
1211 4117 1307 4193 quoad
1323 4121 1396 4174 ante

214 4221 454 4297 investigaverint
479 4222 572 4299 viam,
608 4220 634 4279 si
657 4221 724 4297 quis
747 4220 821 4279 civis
849 4220 882 4278 in
906 4225 1011 4287 semita
1034 4227 1214 4298 compareat,
1253 4241 1291 4283 ne
1314 4224 1396 4282 vitu·

214 4347 361 4406 paremur,
386 4347 441 4404 ego
463 4329 571 4388 leviter
593 4332 626 4387 ut
649 4344 762 4402 servus,
786 4331 817 4385 tu
841 4327 970 4402 graviter
992 4331 1026 4386 ut
1048 4329 1129 4403 regis
1151 4328 1229 4388 filia‘.
