3194 4900
782 280 823 338 42

699 363 913 372 W

216 495 352 551 mentum
375 494 405 551 et
427 489 532 550 inutile
555 494 586 550 et
608 488 718 548 falsum
742 505 850 550 censeo
873 507 949 550 esse.
995 489 1072 548 Rem
1096 505 1187 548 versu
1212 491 1274 550 937
1299 504 1399 546 narra·

213 602 276 657 tum
300 615 339 658 ex
361 613 451 657 versu
476 600 538 658 931
563 595 744 657 confinxisse
772 595 899 656 videtum
936 595 1061 656 Aeoedit
1090 589 1303 656 ἀνακόλουθον
1328 588 1397 674 ,γή-

221 709 331 787 μαντιί,
354 704 392 764 de
420 723 478 782 quo
505 704 657 782 disputare
681 703 870 781 supersedeo,
892 720 964 763 oum
986 702 1161 763 Holthoefer
1184 701 1342 780 (animadv.
1365 701 1398 759 in

214 810 285 874 Eur.
309 810 397 872 Hero.
422 815 453 872 et
475 811 538 872 Alo.
561 810 682 870 Bonnoe
709 813 793 874 1881
818 829 846 888 p.
873 813 912 871 19
930 807 1005 890 sqq.)
1029 793 1255 888 interpolatores
1284 803 1397 870 ἀνακο·

215 913 324 999 totus»
351 895 469 994 saepius
491 933 564 978 usos
585 933 653 977 esse
678 950 720 960 —
745 913 804 994 (me
820 914 929 996 iudioe)
953 917 1040 976 inscii
1062 917 1095 975 in
1116 935 1152 977 ee
1173 916 1341 976 inciderrmt
1353 949 1395 964 -—

219 1001 423 1103 compluribus
446 1025 520 1085 loeis
543 1023 721 1084 examinatis
743 1023 914 1100 nuperrime
936 1024 1077 1084 doouerit
1123 1023 1190 1084 Hue
1212 1021 1295 1097 adde,
1319 1022 1396 1100 quod

213 1149 272 1207 ego
295 1149 356 1190 non
379 1136 440 1190 tum
462 1135 581 1210 propter
604 1125 823 1191 ἀνακόλουθον
851 1149 940 1208 quam
969 1131 1037 1191 aliis
1066 1131 1104 1192 de
1133 1130 1231 1190 causis
1259 1133 1290 1190 et
1316 1129 1396 1190 huno

211 1237 347 1298 Electrae
370 1239 470 1298 locum
493 1243 524 1298 et
545 1237 680 1298 Helenae
704 1255 814 1298 versus
832 1241 984 1299 287-92
1010 1233 1109 1316 (ἄνακ.
1125 1257 1153 1297 ν.
1170 1241 1234 1298 288
1251 1253 1295 1314 sq.
1311 1253 1397 1314 prae·

213 1343 296 1421 bent)
318 1345 476 1422 proscribo.
521 1344 586 1404 Iam
608 1361 679 1404 vero
701 1343 859 1403 falsarium
881 1348 1069 1422 repetentem
1098 1341 1154 1424 (El
1179 1347 1241 1405 936
1259 1360 1303 1421 sq.
1325 1343 1394 1420 del)

211 1451 379 1511 accuratius
402 1452 524 1512 intuens
546 1452 639 1512 altero
662 1451 730 1511 loeo
752 1451 888 1529 proximo
904 1450 1030 1528 reperio.
1061 1449 1207 1527 Legimus
1221 1450 1303 1510 enim
1318 1450 1395 1509 intre

213 1563 327 1636 septem
348 1575 455 1620 versus
478 1552 646 1638 (931-7)
671 1575 782 1636 ρυυυυ.
800 1558 927 1618 eandem
954 1575 1020 1618 rem
1048 1561 1094 1618 ter
1122 1556 1221 1618 verbis
1245 1557 1394 1617 similibus

210 1666 376 1744 expositam
398 1672 488 1746 atque
510 1666 643 1726 additam
666 1665 767 1726 eidem
789 1666 834 1726 rei
858 1663 1003 1726 similem:

234 1795 297 1853 931
324 1786 340 1853 ὁ
364 1799 419 1876 τῆς
443 1793 593 1872 γυναικός,
616 1783 686 1873 ουχὶ
710 1786 838 1871 τάνδρὸς
860 1784 881 1874 ἡ
904 1787 988 1874 γυνή.
1066 1789 1068 1800 ⁴

235 1902 298 1960 932
312 1917 356 1977 sq.
369 1904 551 1981 προστατεῖν
560 1918 593 1976 γε
605 1895 755 1983 δωμάτων
768 1906 901 1975 γυναῖκα,
915 1898 956 1983 μὴ
968 1899 1019 1960 τὀν
1029 1893 1137 1980 ἄνδρα·
1193 1916 1287 1976 poene
1311 1898 1391 1959 idem

234 2009 297 2067 937
321 2001 448 2086 τάνδρὸς
472 2005 527 2089 μὲν
551 1998 660 2081 οὐδείς,
684 2014 745 2068 τῶν
770 2003 804 2067 δὲ
827 2003 962 2090 θηλειῶν
985 2002 1083 2082 λόγος.

233 2133 298 2190 934
315 2147 358 2208 sq.
382 2123 461 2204 ὅστις
482 2136 537 2192 του
562 2131 616 2214 μὲν
640 2125 771 2211 ἄρσενος
793 2129 910 2212 πατρὸς
934 2123 991 2191 οὒκ
1014 2125 1202 2213 ὠνόμασται,
1231 2136 1286 2214 τῆς
1309 2125 1344 2189 δὲ

1010 2235 1124 2321 μητρὸς
1146 2233 1179 2299 ἐν
1201 2233 1299 2298 πόλει.

208 2361 433 2423 Animadvertss
448 2362 550 2442 velim,
573 2382 631 2441 qua
648 2363 824 2424 morositate
844 2363 877 2422 in
893 2363 1034 2424 omnibus
1050 2363 1098 2422 his
1113 2362 1283 2437 enuntiatis,
1306 2379 1390 2440 prae-

208 2469 294 2546 cipue
317 2468 349 2527 in
372 2470 467 2529 tribus
490 2470 637 2547 prioribus
662 2470 716 2544 ,vir
740 2475 770 2531 et
794 2471 911 2530 mulier‘
937 2470 1197 2548 sibiopponantur.
1235 2467 1288 2531 An
1302 2469 1388 2530 Euri-

207 2576 308 2654 pidem
331 2581 392 2636 tam
413 2577 548 2655 ineptum
570 2583 602 2637 et
623 2578 763 2638 hebetem
786 2577 854 2639 esse
868 2579 994 2657 putabis,
1017 2583 1051 2638 ut
1066 2578 1160 2638 semel
1175 2577 1295 2638 inventa
1309 2595 1386 2637 nun·

208 2701 298 2760 quam
321 2685 444 2759 omittat,
472 2684 510 2744 ad
533 2684 665 2744 taedium
688 2703 785 2762 usque
807 2688 942 2763 repetat?
978 2687 1077 2763 Atque
1099 2685 1237 2746 versibus
1262 2689 1325 2747 936
1343 2702 1386 2762 sq.

206 2790 268 2850 iam
290 2791 393 2851 eieotis
416 2793 506 2852 etiem
528 2792 619 2852 verba
643 2793 720 2871 (932
739 2791 794 2871 sq.)
818 2799 996 2874 προστατεῖν
1019 2811 1052 2869 γε
1077 2790 1227 2876 δωμάτων
1242 2787 1385 2868 ’γυναῖκα

208 2897 250 2982 μὴ
273 2896 326 2959 τὸν
350 2893 447 2978 ἄνδρα
470 2898 605 2978 Euripidi
627 2901 773 2980 abiudioo‚
796 2918 925 2979 namque
949 2900 1022 2978 quid
1044 2905 1131 2978 turpe
1154 2900 1203 2980 sit,
1224 2917 1284 2960 non
1306 2900 1388 2976 igno·

206 3022 316 3080 remus,
339 3024 409 3064 oum
430 2999 498 3066 τόδ’
521 3007 559 3066 ad
582 3025 704 3068 versum
728 3007 911 3086 superiorem
927 3006 1015 3088 (931)
1031 3007 1137 3068 referri
1151 3008 1254 3086 possit
1289 3006 1387 3068 Verba

205 3117 307 3172 autem
329 3118 513 3193 προστατεῖν
534 3111 599 3174 κτλ.
623 3115 699 3174 nihil
722 3115 792 3176 novi
820 3115 987 3190 continent,
1022 3115 1076 3176 sed
1110 3132 1175 3176 rem
1208 3132 1299 3176 versu
1322 3113 1386 3176 931

205 3218 384 3297 propositum
406 3223 553 3299 repetunt,
577 3239 654 3298 quae
676 3222 832 3300 paululum
856 3227 994 3282 mutatu.
1030 3221 1199 3301 Euripides,
1220 3222 1281 3283 nisi
1303 3239 1387 3298 egre·

205 3327 255 3402 gie
279 3325 377 3400 fallor,
399 3327 473 3386 haee
497 3326 657 3406 scripserat
679 3333 747 3406 post
769 3346 891 3389 versum
915 3331 997 3392 931:

252 3471 315 3530 932
342 3473 373 3529 et-
396 3472 415 3530 3
439 3494 485 3522 =
507 3466 606 3532 καίτοι
627 3464 696 3534 τόδ’
721 3467 851 3555 αἰσχρὸν
874 3467 975 3553 ἀνδρί·
998 3467 1155 3548 κάκείνους
1178 3481 1275 3552 στυγῶ
1297 3471 1363 3537 κτλ.

205 3573 312 3634 Virum
335 3579 425 3654 atque
448 3576 541 3638 etium
563 3577 674 3638 liberos
697 3581 930 3640 contemnendos
953 3577 1031 3656 esse,
1060 3581 1113 3641 ubi
1134 3581 1246 3643 mulier
1267 3581 1324 3642 riri
1347 3582 1386 3641 sit

205 3682 338 3758 domina,
367 3687 437 3762 apte
466 3687 498 3744 et
520 3686 665 3747 ooneinne
689 3687 765 3746 mihi
787 3687 906 3749 videtur
928 3688 1051 3749 dixisse.
1093 3681 1194 3769 Ἀνδρὶ
1217 3690 1298 3751 enim
1319 3695 1386 3768 post

204 3783 333 3871 αἰσχρόν
357 3789 447 3869 (932)
470 3793 677 3854 coniciendum
700 3812 768 3855 esse
792 3813 831 3855 ex
853 3796 947 3856 altero
969 3797 1253 3858 contemnendorum
1274 3815 1385 3876 genere

205 3884 375 3970 (κάκείνους
398 3907 496 3977 στυγω
520 3900 590 3971 τοὺς
614 3898 739 3980 παῖδας)
763 3907 851 3981 petet.
873 3903 1069 3982 Interpolutor
1091 3910 1191 3966 autem
1213 3910 1280 3983 post
1294 3906 1385 3966 verba

204 4000 303 4066 καίτοι
324 3997 391 4067 τόδ’
417 4000 545 4089 αἰσχρὸν
568 4002 665 4090 ἀνδρί,
689 4007 763 4086 quid
785 4014 872 4087 tmpe
894 4015 985 4092 esset,
1007 4012 1116 4072 iterum
1128 4011 1243 4073 eddidit
1258 4016 1384 4073 structu-

203 4129 328 4190 ramque
353 4114 510 4192 supplevit,
534 4133 593 4192 qua
614 4133 648 4176 re
671 4115 838 4192 genuinum
861 4109 950 4198 ἀνδρί
967 4118 1137 4180 submotum
1152 4125 1206 4182 est
1247 4119 1384 4198 Ineptum

203 4237 274 4279 vero
298 4225 359 4295 est,
388 4226 419 4281 et
441 4227 510 4282 ante
542 4216 670 4303 αἰσχρὸν
694 4229 726 4283 et
746 4227 813 4302 post
842 4219 972 4307 αἰσχρόν
1005 4225 1131 4286 eandem
1165 4245 1231 4288 rem
1263 4244 1383 4305 ponere,

203 4344 292 4404 quem
315 4343 383 4388 esse
406 4332 523 4406 turpem
547 4328 636 4391 dieas.
