3194 4900
825 309 864 367 18

253 517 431 579 Coniectura
464 520 557 595 igitur
589 519 717 580 Nauckii
751 515 841 602 τήνδε
868 538 920 598 pro
955 517 1054 581 τοῖσδε
1088 521 1255 583 necessaria
1283 541 1343 584 non
1371 527 1433 588 est.

251 624 314 684 Iam
335 643 395 685 non
418 624 530 701 dubito,
552 626 626 704 quin
642 627 765 687 eaedem
789 631 926 704 quattror
947 645 997 688 res
1020 646 1038 688 a
1059 627 1178 689 falsario
1199 631 1262 692 sint
1283 633 1431 710 repetitae

250 733 352 810 itaque
374 749 480 792 versus
504 735 568 794 324
585 749 628 810 sq.
653 733 781 795 eiciendi
790 732 823 812 1).
847 734 947 795 Minus
963 739 1043 796 certo
1066 735 1104 795 de
1125 741 1295 799 10101326
1320 738 1426 800 iudico.

250 839 330 898 Fieri
352 839 429 899 illud
451 839 574 916 quidem
588 840 691 916 potuit,
713 844 747 898 11
771 845 856 918 poeta
878 841 991 918 ipsene
1007 841 1134 918 quadam
1156 842 1312 921 (320—3)
1334 845 1429 906 inter·

250 947 346 1024 posita
366 965 421 1025 per
431 947 523 1006 verba
546 938 612 1007 ἀλλ’
637 942 704 1029 ἐμοὶ
726 943 820 1008 πιθοῦ
843 947 881 1006 ad
895 948 993 1025 priora
1014 947 1135 1008 rediens
1157 953 1246 1027 atque
1260 968 1327 1011 rem
1340 970 1428 1012 accu-

250 1054 398 1114 ratissime
420 1054 480 1113 iarn
502 1057 668 1113 enarratam
690 1057 721 1113 01
735 1053 768 1112 in
783 1055 917 1132 singulas
938 1059 1038 1133 partes
1053 1055 1179 1116 divisam
1194 1061 1333 1135 repetens
1349 1075 1427 1136 quae

250 1161 392 1221 diviserat
414 1159 617 1240 contraheret,
655 1177 731 1281 puae
759 1160 876 1221 fuderat
904 1162 1128 1237 constringeret.
1175 1162 1235 1223 Sed
1262 1164 1364 1224 nescio
1386 1183 1425 1224 au

249 1268 300 1327 1110
323 1285 440 1345 quoque
474 1284 581 1327 versus
617 1266 666 1326 sit¹
683 1266 885 1344 interpolatus.
931 1265 1037 1346 Neque
1064 1267 1145 1328 enim
1179 1270 1340 1347 quidquam
1367 1277 1426 1348 001,

250 1392 374 1450 01100,
409 1391 484 1452 quae
507 1374 594 1452 paule
617 1378 685 1434 ante
709 1391 851 1452 expressa
885 1375 946 1436 sint
980 1379 1010 1435 et
1034 1375 1196 1452 explicata,
1233 1381 1418 1454 repetantur:

250 1482 357 1540 chorus
378 1479 479 1540 verbis
502 1472 569 1540 ἀλλ’
594 1474 662 1562 ἐμοὶ
684 1478 778 1540 πιθοῦ
800 1497 877 1541 1010
900 1499 949 1541 me
972 1479 1072 1542 iudice
1094 1499 1154 1542 uon
1176 1483 1257 1543 redit
1275 1483 1313 1542 ad
1335 1502 1420 1561 repe-

249 1587 338 1648 tenda
348 1587 445 1665 priora
457 1585 646 1666 (317-20),
663 1587 716 1647 sed
727 1587 877 1647 concludit
887 1587 985 1646 omnia
997 1606 1032 1647 ea
1044 1605 1119 1666 quae
1127 1588 1221 1649 suasit
1232 1587 1421 1668 (317-23).

248 1693 325 1754 Nam
347 1697 381 1753 ut
395 1692 511 1753 Helena
533 1694 643 1753 monita
666 1694 763 1754 iacere
785 1695 892 1754 audeat
915 1687 994 1771 (ἀλλ’
1012 1690 1079 1777 ἐμοὶ
1093 1690 1208 1772 πιθοῦ),
1231 1695 1294 1754 1010
1309 1695 1426 1772 utipsa

248 1801 318 1861 huic
332 1801 377 1860 rei
391 1800 511 1860 intersit
525 1819 652 1878 eamque
667 1801 787 1861 adiuret
804 1785 1054 1862 statimrersibus
1071 1804 1134 1862 327
1152 1819 1195 1878 sq.
1206 1799 1230 1880 2)
1252 1801 1425 1879 polliceturt

247 1907 297 1967 hic
321 1905 535 1966 sententiarum
557 1925 654 1968 nexus
669 1908 747 1968 inter
768 1927 796 1967 11.
814 1912 877 1970 323
902 1912 1012 1969 01327
1036 1907 1202 1968 intercedit.
1224 1905 1424 1987 Interpclator

247 2018 347 2074 autem
369 2013 448 2091 quod
470 2013 611 2092 postilla
633 2015 723 2074 verba
757 2014 829 2092 quid
851 2015 1019 2074 faciendum
1041 2018 1122 2075 esset
1143 2032 1203 2074 nou
1225 2014 1312 2091 legit,
1344 2015 1428 2076 ferre

248 2139 309 2180 nou
331 2120 435 2201 potuit,
457 2121 596 2198 repetivit
618 2121 711 2197 igitur
733 2139 823 2199 quam
837 2122 1058 2182 accuratissime
1081 2139 1158 2198 quae
1172 2121 1331 2199 Euripides
1353 2127 1427 2182 ante

194 2281 197 2286 .
248 2245 357 2304 paucos
379 2245 485 2288 versus
501 2232 678 2305 exposuerat
691 2227 863 2306 addiditque
879 2228 1001 2306 insuper
1016 2227 1141 2288 eandem
1156 2245 1221 2288 rem
1236 2232 1426 2288 contractem.

305 2318 306 2331 ¹
338 2333 509 2411 Sequuntur
530 2333 664 2394 Helenae
686 2320 817 2394 lamenta
839 2338 869 2395 et
891 2335 974 2394 chori
997 2333 1111 2406 solacia.
1156 2331 1188 2394 A
1212 2334 1320 2411 quibus
1343 2337 1428 2411 post»

249 2457 467 2518 quamscaena
502 2443 533 2501 01
555 2442 704 2501 orchestra
737 2459 846 2502 vacuae
879 2446 950 2501 sunt
970 2440 1106 2515 relictae,
1144 2439 1297 2500 Menelaus
1323 2439 1421 2518 prodit

247 2547 409 2623 naufiagus
432 2551 463 2608 et
485 2547 618 2607 fortunas
642 2565 711 2608 suas
733 2552 839 2607 narrat.
885 2547 922 2606 In
944 2548 1119 2608 universum
1141 2563 1276 2606 errorum
1299 2563 1421 2606 suorum

248 2655 430 2716 mentionem
464 2653 534 2714 facit
555 2653 693 2720 versibus
715 2658 781 2716 400
805 2672 849 2732 sq.
893 2653 957 2714 iam
980 2653 1052 2731 quid
1074 2671 1180 2714 versus
1203 2656 1278 2728 404,
1313 2653 1423 2714 trinit.

249 2761 306 2821 sibi
327 2761 431 2820 volunt
452 2764 566 2838 purtem
588 2755 718 2838 aliquam
740 2779 843 2821 eorum
864 2757 1128 2834 afferentesi'Qua
1150 2777 1184 2819 re
1207 2758 1418 2819 molestissima

248 2885 323 2944 quae
346 2884 415 2928 cum
436 2869 467 2927 ri
489 2868 576 2928 modo
598 2885 741 2946 expressa
757 2872 826 2928 sunt
841 2871 1038 2930 attenuantur.
1085 2863 1267 2942 Singillatim
1289 2866 1327 2925 de
1342 2883 1424 2926 erro-

247 2974 331 3034 ribus
353 2974 496 3035 referenti
518 2992 579 3034 uon
600 2993 664 3034 una
693 2975 731 3034 ad
754 2991 845 3053 quam
866 2973 1032 3052 appulisset
1064 2977 1142 3033 terra
1165 2971 1423 3032 commemoranda

247 3083 312 3158 rut,
349 3083 534 3162 salptores.
579 3082 615 3142 ru
638 3065 716 3162 quor
739 3080 893 3144 uoneuus
924 3082 957 3140 in
979 3081 1035 3140 aaa
1056 3080 1120 3159 ipsa
1142 3080 1242 3140 aona
1263 3079 1332 3140 aaa
1353 3096 1427 3140 ver-

248 3190 335 3250 sibus
359 3193 422 3252 766
448 3208 522 3268 sqq.‚
546 3190 680 3268 quamvis
705 3190 823 3250 silentio
845 3204 962 3250 errores
984 3187 1146 3266 praeterire
1170 3187 1258 3247 velit:

461 3291 489 3356 τί
512 3313 560 3357 σοι
581 3291 695 3379 λέγοιμ’
721 3290 758 3358 ἂν
780 3295 835 3366 τὰς
857 3290 890 3358 ἐν
904 3289 1020 3376 Αἰγαίῳ
1043 3292 1162 3379 φθορὰς

461 3398 499 3463 ra
521 3396 683 3464 Ναυπλίου
706 3395 729 3462 τ’
744 3396 882 3484 Εὐβοϊκὰ
904 3397 1129 3486 πυρπολήματα

459 3503 586 3593 Κρήτην
609 3503 882 3593 101110111ςο11
905 3507 1100 3592 ἐπεστράφην
1123 3504 1226 3582 πόλεις

462 3617 589 3692 σκοπιάς
611 3634 645 3679 τε
668 3611 828 3699 Περσέως

247 3775 459 3784 *εκ-α,-

319 3843 342 3914 ¹)
359 3841 520 3899 Wecklinus
549 3843 648 3914 (iahrb.
667 3844 686 3900 f.
705 3843 773 3912 phil.
794 3844 810 3898 7
828 3843 916 3912 suppl.
936 3841 1028 3914 (1874)
1045 3860 1072 3911 p.
1090 3841 1154 3912 358)
1183 3855 1280 3896 1101010
1304 3837 1359 3894 325
1377 3853 1424 3908 sq.

248 3932 363 4002 delerit,
391 3930 531 3988 falsarium
548 3934 715 4003 repetentem
733 3933 833 4003 sensit,
861 3949 916 3988 non
942 3932 1097 4002 perspexit,
1125 3926 1421 3987 01011011131501111.

248 4043 280 4069 =
301 4020 463 4090 [32411111]Ι
500 4020 577 4076 Idem
594 4021 668 4076 cadit
685 4023 714 4076 in
734 4021 861 4077 Cronium
880 4021 977 4092 (ztsch.
996 4023 1015 4078 f.
1034 4022 1083 4076 ost.
1097 4037 1188 4090 gymn.
1207 4017 1306 4074 XXIV
1324 4016 1425 4087 (1873)

246 4127 272 4180 p.
291 4109 345 4165 250
362 4111 423 4179 sq),
443 4109 490 4179 qui
508 4126 590 4166 versu
608 4111 661 4166 325
679 4110 815 4166 1101010111
832 4110 1150 4178 1010132601110110
1168 4113 1253 4163 caicus
1271 4105 1373 4162 scribit

319 4197 343 4268 ²)
362 4198 431 4254 01111
457 4197 506 4254 elii
532 4214 630 4254 versus
656 4199 741 4255 huius
758 4198 864 4254 tabulae
892 4199 946 4270 (26,
964 4199 1027 4268 486,
1047 4197 1108 4269 727,
1127 4198 1210 4268 1027)
1237 4199 1297 4252 tum
1318 4211 1346 4251 11.
1364 4193 1428 4250 328

246 4290 347 4343 temere
365 4287 399 4342 ab
416 4286 597 4342 Herwcrdeno
625 4287 704 4356 (anal.
722 4290 789 4358 trag.
807 4290 838 4343 in
855 4287 937 4357 Scph.
956 4287 987 4345 Ο.
1007 4287 1040 4344 R.
1060 4305 1086 4357 p.
1105 4287 1160 4344 208
1187 4287 1217 4341 in
1236 4284 1421 4356 suspicionem

247 4377 580 4445 1000110001,ου1111111111
599 4375 672 4430 enim
691 4376 790 4432 auxilii
809 4377 939 4432 continet.
