3194 4900
798 272 817 326 4

703 354 915 362 Ἣ

218 465 284 518 tum
307 464 363 531 est,
386 459 421 518 ef.
444 460 474 518 Π
497 459 551 539 Β.),
573 460 608 520 fr.
635 465 708 536 781,
738 464 857 536 45-9,
880 461 992 521 Ρίιοεο,
1013 465 1159 523 270-3:
1188 462 1271 540 prius
1295 468 1399 523 enunt.

218 565 308 626 finale
330 565 441 643 pendet
463 585 502 626 ex
523 567 613 627 verbo
635 567 771 643 timendi,
794 569 952 627 verborum
968 568 1048 628 enim
1063 567 1190 628 timendi
1205 571 1401 630 construetio-

219 691 274 733 nes
308 691 379 733 vere
412 679 482 733 sunt
503 674 622 749 finales,
651 675 761 754 quippe
784 693 853 735 eum
875 675 919 735 rei
942 693 1031 753 quam
1052 675 1177 736 timeant
1199 682 1232 736 ut
1254 678 1305 737 fiat
1330 695 1400 737 eon-

219 781 343 840 trarium
367 780 471 842 Graeci
495 781 536 860 (et
557 782 695 860 Remani)
721 800 788 843 sese
812 787 949 843 curantes
972 783 1087 844 faeiem.

308 889 357 948 IB.
402 889 500 949 Paene
525 890 630 950 eadem
651 907 701 949 res
725 895 780 965 est,
804 889 831 949 si
853 891 976 951 alterius
998 891 1082 952 verbi
1106 881 1284 971 ,finiti‘iaeo
1308 892 1401 970 parti·

220 996 330 1074 cipium
352 996 464 1072 iegitur
485 998 576 1056 uerbo
599 997 682 1057 finite
704 997 764 1074 ipsi
786 998 975 1073 adiunctum,
1011 999 1123 1059 etenim
1159 999 1186 1058 si
1219 1004 1398 1059 contractam

221 1107 398 1163 structuram
432 1103 658 1183 resolverimus,
691 1105 750 1164 duo
785 1106 875 1164 rerba
909 1105 991 1164 finita
1018 1105 1192 1165 habebimus
1215 1109 1303 1184 atque
1327 1105 1402 1166 inde

220 1211 378 1289 pendentia
402 1203 696 1288 singulaenuntiata
719 1213 833 1272 finaIia:
859 1210 907 1272 Or.
933 1216 1107 1274 799-802

355 1329 428 1395 ἀλλ’
453 1327 564 1413 ἔπειγ’,
589 1329 630 1409 ὡς
654 1331 695 1418 μή
721 1353 755 1396 σε
779 1334 896 1416 πρόσθε
920 1333 1023 1420 ψῆφος
1042 1328 1183 1416 Ἀργείων
1208 1333 1262 1419 ἕλῃ

353 1439 528 1523 περιβαλὼν
552 1439 694 1521 πλευροῖς
717 1439 815 1525 ἐμοῖσι
838 1438 953 1522 πλευρὰ
977 1440 1097 1526 νωχελῆ
1121 1440 1217 1524 νίσῳ·
1384 1427 1391 1442 ’

355 1545 396 1624 ὡς
419 1547 478 1626 ἐγὼ
502 1543 548 1611 δι’
574 1545 684 1624 ἄστεός
707 1569 742 1611 σε
767 1551 879 1633 σμικρὰ
903 1547 1065 1634 φροντίζων
1089 1546 1186 1632 ὄχλου

357 1653 445 1719 abab
470 1651 647 1740 αἰσχυνθείς
671 1652 788 1739 ὀχήσω.

220 1766 266 1826 sie
289 1765 446 1824 solvimus:
473 1757 544 1826 ἀλλ’
570 1757 678 1840 ἔπειγ’,
704 1758 745 1838 ὡς
768 1760 811 1846 μή
836 1783 871 1825 σε
896 1810 902 1823 .
929 1811 935 1824 .
962 1810 968 1824 .
994 1762 1060 1847 ἕλῃ,
1085 1762 1138 1825 καὶ
1153 1762 1299 1844 περίβαλε
1325 1811 1331 1824 .
1358 1811 1364 1824 .
1390 1810 1399 1824 .

220 1866 262 1946 ὡς
287 1866 406 1954 ὀχήσω.
453 1872 537 1932 Adde
560 1871 647 1932 Here.
673 1871 883 1950 38-43,Ε1.
910 1875 1072 1934 95-100.

309 1998 346 2057 Η.
392 1997 490 2057 Etiam
512 1997 566 2056 uni
587 1997 678 2057 verbo
700 1996 799 2056 addita
821 1997 941 2056 invenio
963 2015 1023 2057 uno
1047 1994 1133 2074 plura
1155 1997 1306 2057 enuntiata
1327 1998 1402 2056 fina-

219 2106 269 2164 lia.
296 2106 331 2164 A.
359 2106 457 2182 Atque
481 2105 556 2164 ratio
578 2105 666 2164 huius
689 2104 733 2163 rei
756 2103 826 2164 talis
849 2120 918 2164 esse
941 2109 1046 2181 potest,
1068 2109 1103 2164 ut
1125 2123 1142 2164 e
1166 2085 1293 2164 diversis
1308 2105 1402 2164 rebus

224 2213 286 2291 (aut
308 2212 455 2290 persenis)
480 2212 577 2272 eidem
599 2213 691 2272 verbo
714 2212 862 2272 attributis
885 2213 1036 2273 enuntiata
1062 2213 1162 2272 finalia
1183 2212 1332 2290 pendeant
1355 2212 1403 2270 di·

222 2338 317 2380 uersa.
364 2319 455 2380 Cuius
479 2320 599 2396 generis
623 2319 698 2380 duae
722 2320 833 2378 formae
855 2320 940 2379 nobis
964 2324 1128 2380 occurrunt.
1174 2319 1293 2378 Etenim
1324 2319 1401 2378 diri-

224 2428 304 2486 ditur
326 2427 358 2486 in
380 2432 480 2504 partes
503 2427 636 2487 diversas
659 2431 710 2486 aut
738 2426 775 2504 (a)
799 2444 892 2503 agens
919 2443 1048 2504 persona
1075 2427 1141 2507 ipsa
1168 2426 1252 2485 verbi
1279 2429 1331 2485 aut
1354 2425 1399 2504 (b)

223 2534 388 2594 obiectum:
412 2533 493 2592 unde
515 2532 633 2591 diversa
655 2532 795 2610 pendent.
884 2541 887 2544 '

358 2655 385 2736 a)
410 2656 510 2735 Suppl.
536 2659 665 2718 aaa—6

894 2773 1001 2853 οἵτινες
1024 2781 1186 2862 τιμώμενοι

438 2881 580 2966 χαίρουσι
603 2879 757 2968 πολέμους
779 2879 807 2946 τ’
833 2879 996 2956 αὒξάνουσ’
1023 2881 1094 2947 ἄνευ
1119 2883 1206 2970 δίκης

439 2988 618 3076 φθείροντες
642 2985 759 3071 ἀστούς,
783 2986 799 3052 ὁ
825 2993 880 3075 μὲν
905 2987 989 3066 ὅπως
1012 2990 1212 3076 στρατηλατῇ,

442 3093 458 3160 ὁ
482 3092 512 3159 δ’
538 3093 580 3168 ὡς
602 3090 706 3181 ὑβρίζῃ
732 3091 856 3183 δύναμιν
881 3094 922 3173 εἰς
944 3107 1059 3181 χεῖρας
1075 3097 1186 3178 λαβὼν,

438 3200 531 3278 ἄλλος
555 3202 589 3264 δὲ
613 3201 741 3286 κέρδους
764 3199 866 3267 οὕνεκ’

358 3329 387 3406 υ)
411 3329 513 3406 Suppi.
539 3331 700 3390 aea-10.
822 3309 825 3312 ’

313 3438 347 3496 Β.
378 3432 497 3497 Deinde
520 3435 578 3494 duo
602 3437 753 3495 enuntiata
774 3436 875 3495 finalia
896 3435 1089 3496 inveniuntur
1112 3436 1148 3495 ad
1167 3454 1262 3494 unum
1277 3435 1401 3494 verbum

225 3545 265 3602 ita
287 3543 427 3620 apposita,
450 3546 484 3601 ut
506 3541 635 3601 aiterum
657 3559 696 3601 ex
718 3543 775 3601 hee
796 3544 886 3602 verbo
915 3544 1056 3621 pendeat,
1084 3543 1211 3602 alterum
1237 3559 1298 3600 non
1327 3558 1402 3618 pen-

224 3649 300 3724 deat,
325 3648 377 3708 sed
399 3647 605 3707 intercalatum
629 3649 682 3728 sit,
708 3647 739 3706 id
768 3648 846 3724 qued
871 3649 927 3707 ίιυο
959 3650 1046 3708 mede
1068 3648 1323 3725 interpretandum
1347 3653 1407 3726 est,

224 3760 259 3814 ut
281 3755 436 3830 cogitando
458 3755 517 3814 tale
540 3755 665 3814 verbum
688 3754 846 3813 subaudias
869 3753 956 3831 quale
979 3747 1067 3830 itm).

272 3879 336 3940 Tro.
364 3881 515 3940 raet-8
558 3873 561 3878 ’
851 3933 854 3942 ,

439 3979 522 4069 ὑμεῖς
546 3977 588 4059 δ’,
613 3977 654 4045 ἵν’
680 3976 771 4054 αὖτίς
793 3980 884 4062 λόγος
907 3981 965 4068 ἔχῃ
991 3985 1111 4069 μορφὰς
1135 3979 1200 4059 δύο,

438 4096 577 4174 χωρεῖτε,
602 4084 716 4170 Τρώων
739 4088 853 4164 παῖδες,
879 4135 885 4151 .
912 4136 918 4150 .
944 4136 951 4150 .

439 4201 515 4282 πρὸς
539 4206 610 4273 ναῦς
630 4191 772 4280 Ἀχαιῶν,
796 4193 838 4269 ὡς
862 4193 1095 4282 ἀποστέλλησθε
1119 4208 1185 4284 γῆς.

222 4309 309 4369 Adde
333 4307 404 4368 Hec.
433 4311 594 4370 1243—5.
