3194 4900
322 1083 374 1162 ,De
396 1081 625 1160 Euripideorum
647 1082 835 1158 prologorum
857 1087 920 1142 arte
948 1087 978 1142 et
1001 1082 1232 1165 interpolatione‘
1261 1081 1407 1140 Klinken-

231 1191 350 1265 bergius
373 1188 543 1266 nuperrime
569 1186 701 1266 (Bonnae
728 1187 824 1264 1881)
848 1189 975 1268 scripsit,
1005 1189 1050 1246 sir
1072 1193 1177 1247 aoutus
1200 1188 1252 1248 ille
1277 1189 1399 1265 quidem

231 1296 283 1357 sed
306 1297 344 1355 ad
366 1295 591 1372 proscribendos
614 1311 719 1353 versus
746 1295 928 1371 propensior,
975 1294 1033 1368 Qui
1056 1314 1083 1373 p.
1109 1299 1149 1356 56
1176 1312 1239 1372 sqq.
1263 1295 1295 1353 in
1317 1295 1407 1355 Hele-

231 1421 286 1462 nae
310 1402 429 1479 prologo
451 1401 525 1459 alios
549 1403 669 1460 secutus
692 1417 797 1460 versus
822 1399 888 1478 51),
914 1405 989 1478 9sq.
1014 1402 1103 1461 rerba
1127 1395 1172 1460 ὅτι
1197 1435 1239 1444 -
1264 1393 1408 1483 διήνεγκ’,

231 1513 283 1587 41,
306 1509 370 1586 ipse
393 1525 499 1566 versus
527 1511 565 1567 11
583 1524 626 1583 sq,
650 1511 730 1566 reete
754 1507 842 1581 delet,
865 1507 974 1566 iniuria
996 1527 1023 1566 v.
1038 1512 1078 1568 26
1104 1525 1172 1567 oum
1195 1508 1407 1586 HerwerdenO,

233 1618 363 1676 35-43
388 1633 455 1674 oum
478 1614 626 1687 Usenero,
657 1614 721 1690 ipse
744 1631 851 1673 versus
877 1618 917 1676 66
935 1632 978 1691 sq.
1024 1614 1069 1674 De
1092 1615 1149 1674 hoo
1171 1619 1319 1692 postremo
1342 1615 1407 1674 loeo

230 1742 325 1799 agam.
370 1721 491 1782 Etenim
513 1737 620 1780 versus
645 1725 685 1781 66
704 1739 747 1798 sq.
783 1722 941 1796 genuinos,
967 1721 1101 1798 spurium
1123 1739 1245 1782 versum
1269 1725 1309 1783 65
1334 1722 1410 1780 arbi·

180 1809 185 1818 ’
231 1837 303 1891 tror.
348 1829 434 1888 Idem
462 1828 657 1888 Sthenkelius
687 1831 834 1901 senserat,
862 1829 946 1888 ouius
976 1829 1074 1887 studia
1102 1829 1256 1906 (luitisohe
1285 1827 1411 1889 Studien

232 1959 269 1998 zu
291 1933 459 2014 Euripides’
483 1923 607 1996 Helene
622 1937 654 1994 in
677 1936 783 1994 ztsohr.
807 1935 826 1994 f.
850 1939 904 1994 bet.
928 1954 1030 2010 gymn.
1053 1935 1141 1995 XXV
1161 1936 1273 2013 (1874)
1298 1955 1325 2012 p.
1343 1939 1408 1996 432

231 2022 278 2104 bis
302 2048 376 2119 457,
399 2043 467 2103 vide
489 2063 517 2120 p.
542 2041 617 2121 439)
648 2060 714 2102 sero
746 2042 821 2101 milri
849 2041 1052 2102 innotuerunt.
1098 2043 1246 2120 Equidem
1274 2060 1344 2103 oum
1371 2042 1409 2101 de

231 2151 410 2212 coacervatis
434 2150 512 2228 apud
535 2149 709 2227 Euripidem
731 2149 892 2209 enmrtiatis
915 2150 1054 2209 finalibus
1077 2151 1322 2227 disputavissem,
1352 2168 1409 2226 qua

231 2278 264 2318 re
283 2259 424 2318 'maxime
453 2257 623 2333 coarguitur
650 2257 730 2316 lumo
758 2275 880 2316 versum
915 2257 1049 2334 spurium
1084 2275 1151 2317 esse
1186 2261 1285 2317 tacere
1312 2257 1409 2316 nolui.

231 2364 383 2424 Habemus
407 2368 507 2424 autem
529 2364 585 2423 hoo
607 2364 671 2450 loeo
701 2361 759 2422 duo
787 2361 938 2441 enuntiata
969 2363 1085 2437 finalia,
1122 2381 1248 2440 quorum
1282 2363 1411 2422 alterum

232 2471 344 2549 pendet
366 2489 405 2530 ex
427 2471 535 2550 priore,
559 2470 738 2534 sententiam
761 2474 862 2530 autem
884 2470 946 2529 fere
969 2463 1045 2529 liano
1059 2471 1220 2547 praebent:
1246 2467 1356 2544 ,aoeido
1370 2470 1407 2528 ad

233 2580 289 2638 hoo
312 2578 413 2638 Protei
437 2577 607 2654 sepulerum
631 2577 768 2656 supplex,
797 2581 831 2636 ut
854 2576 974 2651 coniugi
996 2593 1098 2636 meum
1121 2581 1221 2636 servet
1243 2577 1410 2650 conubium,

235 2703 273 2743 ne
300 2732 306 2744 .
332 2729 338 2743 .
363 2730 369 2745 .
393 2684 468 2741 mihi
490 2701 596 2759 eorpus
618 2684 718 2759 ipsum
740 2683 790 2742 hio
813 2682 1029 2759 turpitudinem
1046 2680 1167 2741 subeat‘.
1207 2681 1341 2741 Eandem
1355 2683 1412 2757 igi-

232 2795 282 2850 tur
305 2807 369 2849 1911
391 2787 464 2849 liaeo
487 2791 640 2849 enuntiata
662 2789 763 2847 finalia
792 2793 956 2864 exponunt,
989 2786 1089 2846 verbis
1117 2791 1234 2846 tantum
1262 2787 1411 2846 differunt.

233 2897 296 2956 Iam
318 2913 389 2956 uero
412 2895 504 2956 talem
531 2896 730 2956 uenationem
758 2896 837 2954 iusto
865 2895 1029 2972 pleniorem
1057 2895 1082 2953 si
1113 2894 1178 2953 sine
1209 2894 1302 2956 altera
1331 2895 1414 2954 finali

234 3003 452 3063 construetione
475 3003 666 3082 haberemus,
693 3002 841 3060 ferremus
869 3001 1004 3078 quemvis
1032 3001 1133 3076 inviti,
1163 3001 1216 3060 sed
1245 3019 1262 3060 e
1290 3001 1414 3060 oonsilio

234 3110 361 3188 quodam
383 3125 477 3186 paene
500 3108 583 3168 idem
606 3108 764 3168 eonsilium
787 3108 886 3166 statim
909 3107 1017 3166 elioere
1040 3112 1075 3166 ut
1097 3106 1209 3184 aliquid
1231 3107 1314 3181 nou',
1345 3107 1412 3166 eius

234 3234 295 3276 non
318 3220 365 3275 est
388 3215 439 3292 qui
463 3216 580 3291 cogitet.
627 3216 726 3290 Auget
748 3218 849 3274 autem
872 3214 1080 3292 suspicionem,
1103 3213 1182 3290 quod
1204 3231 1265 3273 non
1299 3213 1413 3292 suppli·

236 3329 337 3383 catina
361 3311 496 3399 sepulcro
518 3321 568 3382 rel
590 3321 697 3381 Proteo
719 3320 834 3380 Helena
857 3325 913 3400 est,
936 3320 988 3379 sed
1011 3319 1088 3379 nihil
1110 3319 1192 3379 aliud
1215 3320 1244 3379 ei
1267 3324 1313 3380 est
1335 3320 1413 3378 illud

236 3430 411 3507 sepulerum
432 3427 492 3488 nisi
520 3428 693 3508 perfugium
726 3445 784 3504 quo
814 3426 989 3487 defendatur
1017 3426 1277 3500 a'lheoolymeno
1304 3426 1413 3484 amoris

235 3537 424 3615 plenissimo,
447 3536 467 3596 i.
492 3551 518 3594 9.
542 3534 727 3594 utbreviter
750 3533 847 3593 dicam
870 3527 997 3610 ἄσυλον,
1026 3533 1105 3610 quod
1135 3532 1293 3610 quominus
1316 3531 1413 3593 laedat

237 3661 352 3702 summa
375 3641 518 3718 religione
543 3659 612 3701 eum
635 3641 731 3700 teneri
754 3658 815 3699 non
837 3641 961 3716 ignorat,
991 3640 1026 3699 of.
1051 3639 1140 3699 etiam
1174 3657 1200 3698 v.
1236 3643 1412 3709 11165·--8.

235 3749 300 3811 Hoc
322 3743 436 3810 ἄσυλον
459 3749 627 3825 superiores
650 3746 710 3806 iam
734 3751 867 3824 spectant
889 3763 994 3806 versus
1019 3748 1061 3806 60
1078 3762 1142 3822 sqq.

373 3859 415 3917 60
461 3852 519 3928 ἕως
542 3853 598 3936 μὲν
622 3847 674 3915 οὖν
698 3847 762 3938 φῶς
784 3847 872 3936 ἡλίου
895 3845 960 3912 τόδ’
986 3848 1097 3930 {plens

464 3953 618 4042 Πρωτεύς,
641 3954 755 4030 ἄσυλος
777 3954 797 4044 ἡ
820 3961 938 4042 γάμων·
963 3955 1029 4020 ἐπεὶ
1052 3954 1086 4018 δὲ
1110 3965 1163 4041 γῆς

466 4065 566 4150 σκότῳ
589 4061 766 4148 κέκρυπται,
789 4071 860 4140 παῖς
884 4061 900 4127 ὁ
923 4071 978 4127 τοῦ
1000 4062 1192 4146 τεθνηκότος,

462 4175 547 4259 θηρᾷ
570 4181 674 4260 γαμεῖν
698 4194 745 4258 με.
769 4173 821 4235 τὸν
844 4169 941 4234 πάλαι
964 4164 994 4231 δ’
1009 4167 1083 4253 ἐμὸν
1094 4171 1181 4230 πόσιν
1204 4167 1268 4230 κτλ.

312 4369 334 4438 ¹)
352 4367 481 4424 Numeris
500 4369 562 4423 utor
579 4367 754 4423 Nauokianis.
