3194 4900
218 499 325 577 Neque
346 505 447 560 tamen
471 500 656 560 desideratur
678 499 747 558 taHs
770 499 943 576 explicatio:
970 518 1046 578 quae
1068 517 1118 560 res
1140 501 1255 560 homini
1278 518 1338 559 non
1352 500 1400 558 in·

220 607 338 684 sipienti
371 607 450 666 ultro
475 624 507 666 se
537 608 680 685 offerunt,
708 624 768 664 non
796 610 843 666 est
872 624 925 666 cur
954 625 971 666 a
998 611 1084 685 poeta
1112 607 1281 668 afferantur.
1328 606 1400 666 Tale

220 731 289 773 vero
313 712 432 772 dicendi
454 730 550 788 genus
578 712 736 788 Euripides
764 713 865 772 hercle
893 731 952 772 non
980 712 1108 773 admisit.
1161 714 1206 772 Ac
1233 714 1333 772 nescio
1361 731 1400 772 an

221 819 346 878 sciolum
369 819 639 896 deprehendamus,
670 819 723 896 qui
742 811 919 888 Ὀδυσσέως
943 811 1001 879 ὑπὸ
1026 813 1209 901 Πηνελόπης
1233 813 1400 900 ἀναγνωρι-

220 929 297 1006 σμοδ
332 942 459 1004 mernor¹
482 925 656 1001 sapientiam
691 941 775 984 suam
804 943 843 985 ex
871 925 957 988 Hom.
982 925 1011 1008 ψ,
1038 929 1224 987 107-119
1253 930 1401 1002 sumptam

220 1030 358 1108 Euripidi
381 1031 530 1092 inusserit.
579 1029 674 1103 Quam
696 1035 759 1091 arte
782 1034 889 1091 versus
914 1035 978 1092 285
996 1049 1038 1110 sq.
1063 1036 1094 1091 51
1118 1035 1181 1094 293
1200 1049 1242 1110 sq.
1266 1032 1345 1092 inter
1361 1049 1402 1116 se

223 1139 407 1216 cohaereant,
430 1137 509 1196 oculi
532 1141 562 1196 te
585 1137 745 1197 docebunt:

290 1247 353 1305 285
438 1289 444 1303 .
470 1291 476 1304 .
502 1288 508 1302 .
534 1237 614 1304 ἀλλὰ
637 1237 722 1305 πάντ’
749 1241 865 1326 ἔχουσα
889 1241 1024 1328 δυστυχη

289 1354 352 1412 286
399 1356 460 1422 τοῖς
483 1345 655 1432 πράγμασιν
678 1346 826 1434 τέθνηκα,
849 1357 911 1425 τοῖς
935 1343 966 1410 δ’
992 1349 1119 1432 ἔργοισιν
1144 1344 1188 1412 ot.

291 1459 353 1516 293
400 1448 430 1516 τί
454 1449 521 1539 δῆτ’
548 1451 592 1516 ἐ’τι
616 1457 673 1530 ζῶ;
697 1449 765 1518 τίνί
780 1450 984 1539 ὑπολείπομαι
1006 1456 1117 1540 τδχην;

290 1565 354 1623 294
399 1562 513 1643 γάμους
536 1557 666 1646 ἑλομένη
689 1571 749 1626 τῶν
773 1573 877 1630 κακῶν
901 1557 1077 1642 ὑπαλλαγάς
1099 1562 1163 1625 κτλ.

222 1668 336 1730 Versus
360 1666 448 1728 enim
464 1672 527 1730 285
546 1687 589 1747 sq.
615 1673 678 1731 293
703 1690 721 1730 a
743 1671 870 1730 fortunis
893 1672 1071 1732 miserrimis
1095 1689 1171 1749 quae
1194 1671 1327 1730 Helenae
1350 1671 1403 1729 ad-

221 1776 281 1834 huc
302 1774 475 1834 acciderunt
496 1776 534 1835 ad
558 1795 624 1835 eam
654 1785 754 1854 aperte
782 1782 939 1837 transeunt
968 1795 1043 1854 quae
1070 1795 1152 1836 nunc
1179 1776 1264 1836 illam
1293 1780 1404 1856 manet,

222 1881 258 1940 ad
282 1881 453 1956 coniugium
475 1900 544 1941 eum
566 1883 629 1942 viro
653 1880 776 1944 barbaro
798 1883 971 1943 ineundum.
1014 1882 1071 1957 Qui
1093 1883 1237 1942 transitus
1259 1883 1399 1943 versibus

224 1991 376 2048 287-92
401 1989 520 2048 medius
543 1989 776 2067 interrumpitur.
813 1991 859 2051 De
882 1995 968 2068 poeta
992 1990 1215 2066 elegantissime
1237 1991 1293 2050 hoc
1315 1989 1403 2049 modo

221 2096 259 2154 ad
281 2114 346 2155 rem
368 2082 500 2176 ¹futuram
523 2101 696 2158 transeunte
719 2116 774 2158 nos
796 2117 857 2158 non
880 2115 997 2158 errasse
1020 2099 1108 2159 testis
1131 2103 1178 2158 est
1192 2099 1275 2158 locus
1287 2099 1402 2175 prologi

224 2203 408 2278 simillimus,
446 2207 486 2264 53
506 2221 585 2281 sqq:
622 2197 706 2329 ηδὲ
725 2206 820 2265 πάντα
842 2197 931 2265 τλάσ
957 2201 1015 2280 ἐγὼ
1045 2202 1219 2328 κατάρατός
1248 2199 1369 2288 εἰμι..

227 2431 440 2440 -ω--ψ-ι-

296 2485 317 2549 1)
338 2482 387 2536 Cet
375 2487 463 2536 terum
481 2499 535 2537 non
553 2429 672 2538 alianum
691 2485 798 2539 videtur
822 2485 962 2555 adnotare,
991 2485 1106 2554 repetita
1135 2485 1164 2538 in
1193 2485 1286 2539 eadem
1313 2484 1404 2539 fabula

224 2570 361 2639 complura
379 2571 513 2626 verbane
533 2573 719 2640 suspicionem
739 2575 849 2642 quidem
866 2575 937 2628 mihi
956 2575 1026 2642 dare,
1047 2573 1095 2628 sed
1113 2589 1176 2629 cum
1195 2573 1257 2628 aliis
1275 2574 1304 2626 in
1317 2573 1401 2628 rebus

224 2659 350 2714 falsarius
370 2661 507 2727 cernatur,
531 2662 589 2713 turn
609 2661 717 2715 demum
736 2663 769 2716 de
787 2663 858 2716 furto
876 2679 919 2716 me
939 2660 1061 2716 clamare.
1098 2661 1158 2716 Non
1178 2661 1298 2716 multum
1316 2677 1410 2732 quae-¹

223 2748 294 2802 renti
312 2749 342 2801 hi
361 2749 496 2803 eiusmodi
515 2748 635 2804 Helenae
654 2751 760 2805 fabulae
777 2751 832 2806 loci
850 2753 957 2820 praesto
976 2751 1047 2805 mihi
1065 2756 1136 2820 sunt,
1157 2752 1189 2806 da
1209 2752 1309 2820 quibus
1323 2751 1402 2805 dubi·

225 2837 276 2891 tan'
294 2838 404 2906 nequit:

260 2925 298 2993 (1)
336 2924 490 2980 14151158
509 2926 600 2991 καλῶς
619 2925 712 2992 ἔλεξας
730 2927 853 2996 (formula
872 2928 981 2983 dicendi
1000 2929 1119 2982 maxime
1138 2929 1232 2984 solita:
1252 2927 1311 2984 Alc.
1324 2927 1395 2982 1104

225 3013 326 3068 Bacch.
347 3014 408 3084 953,
427 3014 494 3070 Hec.
515 3015 594 3082 1997,
613 3015 654 3070 El.
676 3016 736 3085 649,
755 3017 819 3072 Her.
840 3017 901 3087 726,
925 3017 1007 3088 Hipp.
1028 3019 1089 3088 715,
1117 3018 1177 3084 Iph.
1197 3014 1224 3072 u.
1245 3017 1311 3084 999,
1342 3016 1402 3085 Iph.

226 3105 258 3156 n.
279 3101 340 3170 aaa,
360 3103 419 3171 lph.
439 3103 466 3157 r.
487 3103 550 3173 aar,
570 3104 631 3173 aco,
650 3105 708 3160 ron.
729 3105 803 3173 545).
1232 3093 1236 3099 ’

261 3191 299 3260 (2)
337 3191 389 3245 315
408 3193 436 3245 51
455 3191 525 3245 1233
545 3181 617 3246 οἷσθ’
638 3190 680 3247 οὖν
698 3192 712 3248 δ
732 3193 745 3246 δ
748 3203 836 3266 ρᾶσσν;
863 3193 989 3263 (formula
1008 3195 1116 3250 dicendi
1136 3195 1226 3250 solita:
1255 3195 1322 3252 Heu.
1342 3196 1406 3266 225,

224 3279 286 3348 Iph.
305 3283 339 3334 A
359 3279 496 3350 725155
517 3282 595 3352 1929,
596 3282 691 3424 8Cycl.
712 3283 783 3352 131).

261 3368 299 3437 3)
337 3369 436 3423 92951
457 3369 558 3423 1291”
545 3370 609 3442 ηνδ
617 3369 752 3426 ’Ἑλλάδ
770 3371 853 3430 ἐ’λθω.

272 3455 372 3526 454)
391 3474 430 3527 sq.
451 3461 478 3512 51
466 3459 548 3513 1927
568 3475 608 3529 sq
628 3461 748 3531 προδουσ’
770 3463 829 3532 ἐμὸν
859 3466 871 3528 Ι)
901 3465 982 3518 πόσιν.

262 3543 300 3612 ’5)
337 3544 437 3759 {[402
456 3546 568 3604 551τ.’κ
587 3548 624 3614 εἷς
642 3551 737 3619 πάτραν
755 3552 857 3622 χρῄζων
876 3552 964 3619 μολεῖν
982 3552 1090 3622 videp.
1110 3553 1153 3607 19.

373 3635 425 3690 497
446 3637 600 3692 exindere
620 3655 637 3705 μ
644 3636 708 3704 ἐἰς
725 3639 825 3710 πάτραν
844 3640 940 3710 μολεῖν.

375 3725 444 3779 1283
464 3741 505 3795 sq.
526 3726 590 3780 ὥστε
609 3725 636 3778 τ’
657 3731 692 3790 εἰς
711 3729 806 3800 πάτραν
836 3735 848 3794 )Ι
880 3729 975 3784 ἐλθεῖν.

228 3811 306 3866 Addo
325 3813 392 3868 haec
411 3814 463 3868 tria
481 3814 602 3869 locorum
621 3815 708 3884 paria:

333 3900 352 4045 η
371 3901 423 3956 856
443 3905 511 3958 extr.
531 3902 578 3958 καὶ
596 3904 746 3976 μεταστήτω
765 3912 862 3960 κακῶν.

370 3990 441 4044 1442
461 3993 529 4046 extr.
549 3997 593 4044 aad
611 3993 768 4063 μετάστησον
786 4002 878 4048 κακῶν.

334 4079 352 4222 η
371 4079 441 4133 1999
460 4081 519 4145 ἅλις
538 4079 566 4134 δὲ
584 4081 668 4151 λάμης
686 4081 718 4154 ἢν
737 4081 766 4152 μ’
788 4080 908 4154 ἐλυμήνω
927 4083 1017 4154 πάρος.

371 4167 441 4223 1446
461 4170 518 4234 ἅλις
538 4169 564 4224 δὲ
584 4172 690 4243 μόχθων
709 4168 753 4236 οὓς
772 4172 936 4242 ἐμοχθοῦμεν
955 4173 1043 4246 πάρος.

334 4257 352 4400 η
372 4257 451 4328 1293,
470 4259 487 4311 2
505 4258 540 4331 ἣν
557 4259 623 4331 ηυνὴ
641 4265 702 4331 ηὲνρ
722 4257 778 4314 οἵαν
795 4260 912 4330 γενέσθαι
930 4261 983 4333 χρή
997 4281 1025 4314 σε
1044 4257 1080 4334 σῷ
1100 4266 1242 4334 ξυνευνέτῃ.

371 4345 440 4402 1497
461 4363 500 4418 sq.
521 4351 584 4413 ἕξεις
603 4353 632 4403 δέ
650 4348 680 4419 μ’
701 4346 757 4403 οἵαν
775 4348 829 4422 χρὴ
840 4345 866 4401 o’
884 4347 949 4421 ἔχειν
967 4351 992 4403 ἓν
1011 4349 1109 4417 δώμασι
1126 4350 1242 4422 γυναῖκ’.
