3194 4900
776 251 795 308 8

189 453 254 520 ἐστί
287 478 338 542 μοι
371 462 461 520 totius
484 461 637 536 orationis,
654 454 712 520 'ita
734 479 824 520 versu
849 463 911 522 256
941 451 985 539 ἆρ’
1011 453 1031 542 ἡ
1059 459 1189 520 τεκοῦσά
1213 449 1239 540 μ’
1267 454 1368 517 ἔτεκεν

56 643 73 661 .·
190 562 368 645 ἀνθρώποις
389 560 492 645 τὲρας;
516 568 623 643 prioris
646 567 782 626 miraculi
803 570 1014 643 argumentum
1038 566 1228 642 significatur.
1275 562 1369 622 Vides

170 691 278 750 qnam
302 675 364 731 arte
387 689 493 734 versus
523 675 586 734 256
612 677 642 732 11
666 676 818 734 nov-59
842 673 921 732 inter
944 689 977 732 11
1000 671 1106 732 conexi
1128 671 1202 745 sint,
1237 669 1269 729 id
1292 667 1370 746 quod

188 757 283 853 paene
306 777 403 838 omnia
425 795 530 838 versus
555 781 618 839 256
647 779 737 838 verba
759 778 906 838 indicant:
935 777 972 837 de
1000 782 1086 855 partu
1109 777 1197 854 plane
1225 779 1368 836 monetur.

189 880 259 940 Noli
281 883 441 959 neglegere
456 884 631 944 venabulum
646 877 833 964 ἀνθρώποις,
868 883 949 961 quod
970 883 1008 942 ad
1028 883 1142 942 nullam
1156 882 1258 942 hercle
1281 881 1370 941 111111

189 1007 254 1059 rem
276 989 336 1049 nisi
364 990 402 1048 ad
431 991 541 1050 mirum
569 991 656 1050 illum
678 991 810 1052 Helenae
834 994 932 1050 ortum
964 990 1115 1067 pertinere
1144 992 1248 1070 potest.
1294 986 1371 1046 Nam

190 1095 217 1154 si
239 1109 345 1155 versus
369 1099 484 1156 tantum
510 1099 662 1158 257-59
695 1113 769 1174 quos
794 1097 912 1174 spurios
936 1113 1003 1156 esse
1037 1095 1230 1155 manifestum
1253 1098 1299 1154 111
1322 1092 1371 1152 de-

192 1201 363 1277 leverimus,
386 1201 463 1261 illud
477 1203 654 1262 vocabulum
670 1197 845 1281 ἀνθρώποις
869 1201 920 1281 (11.
938 1194 965 1284 μ’
980 1199 1204 1288 Ιἕτεκε(ν)τὲρας)
1227 1200 1265 1260 ad
1280 1199 1371 1263 vitam

190 1308 255 1368 eins
277 1309 485 1386 fortunamque
510 1309 567 1368 erit
581 1309 781 1369 referendum.
823 1307 883 1368 Sed
905 1308 1042 1368 11111111
1064 1308 1148 1367 nullo
1163 1307 1249 1366 modo
1264 1310 1368 1385 potest.

189 1414 238 1472 An
260 1413 396 1474 homines
419 1433 509 1492 qnam
524 1415 600 1474 mira
623 1420 654 1475 et
676 1434 752 1474 nova
767 1415 833 1475 eius
856 1415 896 1474 sit
910 1414 1028 1474 fortuna
1051 1414 1167 1474 sciunt?
1188 1412 1270 1473 Num
1285 1413 1370 1490 quid-

191 1539 279 1598 quam
301 1538 403 1580 rerum
435 1522 491 1580 hac
520 1522 651 1581 oratione
678 1523 879 1581 narratarum?
925 1520 980 1580 Tot
1007 1521 1157 1598 tantisque
1184 1520 1272 1580 malis
1306 1538 1372 1580 eam

190 1628 325 1687 obrutam
348 1645 430 1704 esse,
465 1632 553 1706 atque
588 1646 664 1706 quae
687 1629 764 1687 mala
798 1629 826 1688 ei
849 1627 1012 1687 acciderint
1039 1631 1091 1688 aut
1113 1629 1221 1704 quibus
1251 1643 1319 1687 snos
1342 1631 1373 1686 et

191 1733 318 1794 Graecos
341 1711 502 1812 adflixerit,
537 1752 640 1793 eorum
661 1734 808 1793 malorum
835 1733 953 1811 culpam
981 1735 1011 1794 ei
1033 1733 1124 1793 tribui
1146 1733 1269 1813 iniuria,
1303 1750 1373 1792 oum

190 1858 250 1899 non
273 1840 346 1917 ipsa,
370 1839 424 1899 sed
447 1839 639 1899 simulacrum
661 1841 728 1899 eius
750 1839 890 1900 aParido
905 1840 1066 1900 abductum
1081 1840 1191 1899 fuerit?
1215 1838 1372 1900 Simulaori

191 1945 271 2007 enim
293 1946 327 2004 in
349 1947 404 2004 hac
419 1945 518 2006 fabrile
541 1963 659 2023 semper
673 1964 823 2006 memores
838 1963 905 2006 esse
921 1944 1074 2010 debemus.
1097 1945 1205 2022 Neque
1219 1945 1371 2023 Euripidis

193 2057 239 2114 est
261 2053 294 2111 in
317 2051 421 2112 eadem
436 2070 469 2112 re
492 2052 533 2110 ita
555 2053 678 2112 haerere
701 2057 835 2111 autnon
858 2056 918 2112 tam
934 2053 1090 2128 cogitantis
1113 2070 1203 2130 quam
1218 2052 1372 2112 titubantis

190 2164 291 2241 partes
316 2159 483 2236 suscipere:
519 2157 750 2237 111111(255)
780 2158 1048 2236 11111111(256)
1076 2158 1206 2233 reditur,
1240 2160 1276 2218 ab
1305 2163 1371 2217 ortu

191 2266 228 2324 11
253 2269 363 2325 sortem
387 2264 484 2344 (260).
529 2264 646 2324 Deinde
670 2265 748 2342 quod
770 2259 860 2345 τέρας
894 2265 925 2324 in
950 2266 1080 2345 simplici
1106 2266 1273 2325 narratione
1304 2265 1372 2323 snb-

192 2372 450 2450 1111111111ρας,
474 2371 575 2448 ipsum
604 2375 652 2430 est
685 2371 781 2450 τέρας.
829 2371 950 2450 Contra,
983 2373 1009 2432 si
1037 2390 1098 2432 non
1120 2372 1206 2430 modo
1231 2373 1372 2449 257-9,

192 2478 358 2539 sedetiam
383 2481 446 2538 256
471 2477 686 2550 deleverimus,
722 2477 886 2536 sententiae
909 2482 976 2554 apte
999 2477 1079 2538 inter
1103 2495 1135 2537 11
1158 2477 1372 2543 cohaerebunt:

191 2582 322 2661 primum
345 2583 521 2644 exclamatio
545 2583 754 2660 conquerentis
778 2588 808 2643 11
823 2583 1006 2658 indignantis
1028 2584 1228 2661 praemittitur
1250 2583 1283 2642 in
1305 2583 1371 2664 uni-

191 2707 311 2750 versum
328 2687 415 2768 (255)
441 2689 545 2766 ,qualis
557 2694 603 2748 est
619 2706 682 2748 sors
705 2688 799 2749 mea?
822 2688 939 2748 Deinde
961 2689 1004 2748 ita
1025 2690 1153 2767 definita,
1176 2695 1210 2749 nt
1232 2667 1368 2771 atto'rpqi

191 2791 271 2870 (dem
303 2796 350 2854 ihr
381 2783 552 2871 gefallenen
574 2793 665 2873 11111)
700 2795 853 2856 advitam
887 2800 918 2854 et
940 2795 1072 2855 fortunas
1106 2791 1277 2879 (πράγματά
1311 2813 1371 2878 μου

190 2919 253 2961 was
275 2901 326 2960 ich
341 2901 453 2978 erfulrr)
476 2906 652 2982 transeatur,
674 2902 830 2979 inquibus
853 2902 951 2979 qualis
968 2919 1032 2962 sors
1048 2902 1088 2962 sit
1102 2907 1259 2980 comparet,
1282 2903 1370 2981 τέρας

193 3013 329 3068 vocatur:
370 3008 480 3086 quibus
520 3009 557 3067 de
591 3008 718 3067 fortunis
753 3007 868 3088 (versus
900 3012 1030 3070 261-6
1063 3009 1140 3068 intra
1177 3007 1368 3086 proscribam)

192 3115 292 3175 statim
314 3114 384 3173 inde
407 3131 537 3174 eversu
562 3117 624 3175 267
654 3113 810 3192 usquead
837 3115 929 3174 finem
957 3114 1095 3176 orationis
1123 3115 1229 3190 agitur.
1274 3115 1369 3175 Inter-

190 3221 303 3299 polator
330 3221 423 3296 igitur
450 3237 583 3280 versus
613 3223 677 3281 260
700 3221 825 3300 τέρας,
861 3239 1040 3298 quamquam
1065 3221 1098 3279 in
1120 3221 1205 3281 miris
1235 3221 1368 3282 Helenae

191 3328 259 3387 fatis
282 3327 413 3405 positum
434 3331 494 3386 tota
509 3327 641 3386 oratione
665 3327 831 3404 exponitur,
854 3325 1040 3406 adverbum,
1062 3344 1122 3386 non
1136 3327 1174 3386 ad
1190 3329 1369 3388 sententiam

191 3435 339 3511 accipiens
373 3438 462 3511 atque
485 3433 522 3494 de
544 3437 613 3492 nata
642 3451 681 3494 ex
703 3451 757 3494 ovo
779 3432 895 3493 Helena
918 3434 1106 3510 eogimndum
1129 3452 1197 3494 esse
1231 3440 1314 3495 ratus
1336 3436 1369 3494 in

191 3543 291 3601 locum
313 3541 407 3600 mirae
429 3541 507 3600 vitae
537 3545 635 3600 ortum
657 3545 861 3618 portentosum
887 3540 962 3600 falso
986 3541 1145 3601 substituit.
1191 3540 1368 3619 Interpolata

191 3653 291 3708 autem
322 3647 427 3707 eodem
454 3647 541 3706 modo
575 3651 663 3724 atque
691 3649 820 3722 genuina
853 3647 886 3705 in
917 3651 1127 3723 argumentum
1156 3646 1246 3726 (256)
1281 3653 1311 3708 11
1337 3648 1369 3707 in

192 3773 311 3814 causam
333 3755 429 3832 ipsam
452 3752 606 3833 (257-9)
630 3753 726 3813 divisa
749 3760 826 3816 sunt.
857 3752 1016 3814 Simillime
1037 3754 1095 3814 alio
1117 3755 1206 3815 liuius
1229 3755 1368 3815 orationis

191 3862 255 3921 loco
290 3880 359 3921 cum
386 3861 570 3937 Hartrmgius
602 3865 720 3919 narrata
753 3859 953 3941 (299-302)
989 3864 1104 3920 tantum
1138 3861 1367 3940 proscripsisset,

192 3969 375 4046 propositum
398 3967 485 4047 (298)
510 3985 626 4044 quoque
648 3967 765 4027 Usener
788 3964 947 4029 damnavit.

280 4076 377 4136 Venio
399 4095 479 4136 nunc
500 4075 538 4134 ad
559 4076 657 4135 locum
680 4074 889 4134 difficillimum
913 4072 952 4151 (r.
971 4077 1035 4135 260
1048 4071 1132 4152 sqq),
1156 4072 1209 4150 qui
1224 4078 1367 4152 quantum

192 4202 240 4244 me
264 4183 438 4259 intellegere
463 4183 632 4245 studentem
655 4182 816 4255 vexaverit,
839 4181 939 4241 dicere
962 4180 1014 4239 rix
1036 4167 1165 4257 possum.
1201 4181 1299 4257 Atque
1321 4180 1368 4238 in-

191 4291 286 4350 vitum
308 4309 357 4351 mc
379 4291 563 4367 aliquantum
585 4304 728 4346 versuum
744 4288 890 4348 delevisse
913 4287 1036 4364 affirmo,
1059 4287 1203 4362 gradatim
1226 4305 1243 4346 a
1266 4285 1368 4364 paucis
