3194 4900
781 301 821 357 27

691 385 904 393 --.—.—-

209 511 311 566 antem
332 507 396 566 loco
419 513 527 585 quanta
550 507 715 568 temeritate
738 508 767 568 ei
783 509 883 568 affecti
901 509 962 570 sint
974 510 1112 587 cognosci
1124 514 1233 588 potest,
1258 511 1309 588 qui
1322 511 1386 570 lan-

210 613 387 690 guidissima
409 632 544 692 quaeque
566 619 597 674 et
610 614 740 692 pessima
762 614 840 692 apud
861 614 1037 693 Euripidem
1059 635 1154 694 aequo
1169 618 1267 677 animo
1282 615 1385 678 ferant.

212 706 289 780 llam
310 721 468 781 haesitanti
490 726 580 799 atque
603 721 768 782 accuratius
790 722 954 799 inquirenti
976 723 1091 784 medias
1113 742 1167 802 per
1188 713 1388 802 interpolatio-

211 843 267 888 nes
289 845 396 888 verum
418 832 521 905 poetae
544 827 701 888 consilium
735 845 768 888 se
792 826 929 890 ostendet
951 833 1041 908 atque
1064 835 1208 908 quantum
1229 831 1387 909 Euripides

211 939 244 996 et
265 935 441 1012 interpolata
474 936 553 996 inter
577 953 610 996 se
632 935 770 996 differant
791 936 984 997 manifestum
1007 939 1072 996 erit.
1097 973 1140 981 —
1162 937 1267 998 Restat
1288 943 1388 999 tamen

210 1042 245 1101 in
266 1059 356 1102 versu
380 1046 442 1104 909
468 1042 546 1120 quod
568 1042 672 1102 tollere
695 1061 753 1102 non
775 1060 934 1121 possumus
956 1043 1071 1124 vitium,
1094 1045 1146 1105 sed
1169 1063 1229 1104 non
1243 1046 1284 1120 id,
1307 1045 1388 1106 unde

211 1149 301 1209 totius
334 1149 391 1209 1001
425 1149 573 1209 sententia
606 1149 821 1209 detrimentum
855 1151 958 1228 capiat
1004 1144 1174 1231 Μακαρῐως
1209 1157 1239 1212 91
1268 1147 1387 1226 ἀθλίως

215 1255 353 1316 adverbia
377 1255 433 1315 sibi
456 1261 653 1334 opponuntur,
676 1252 744 1338 ἐμοὶ
766 1256 815 1316 oui
830 1259 992 1334 opponatur
1002 1275 1063 1316 non
1073 1257 1171 1333 habet,
1194 1258 1212 1318 i.
1225 1259 1386 1318 90911911-

211 1362 282 1422 dem
303 1363 380 1422 bono
402 1362 477 1422 illud
493 1358 590 1424 ἔδωκε
606 1362 696 1423 1119111
711 1363 830 1424 omnino
845 1363 984 1424 nescitur.
1008 1362 1090 1424 Num
1104 1365 1249 1424 Badhami
1263 1366 1389 1445 καιρίως

213 1469 380 1544 satisfaciat,
403 1468 512 1530 dubito.
536 1468 731 1530 Schenkelius
754 1487 824 1530 vero
847 1489 874 1548 p.
899 1473 963 1532 451
988 1489 1058 1531 cum
1079 1472 1159 1531 huno
1181 1489 1302 1532 verstnn
1324 1490 1389 1550 pro·

218 1571 334 1651 scribit,
351 1576 431 1636 ferro
456 1575 566 1635 scindit
587 1577 698 1636 nodum
719 1594 780 1636 non
803 1576 898 1638 solvit
914 1613 957 1621 —
973 1577 1072 1638 Etiam
1094 1598 1121 1638 v.
1140 1582 1203 1640 914
1226 1580 1262 1638 ab
1285 1578 1390 1640 eodem

213 1703 241 1761 p.
266 1687 328 1746 451
363 1683 519 1742 damnatur
551 1688 585 1743 ut
620 1701 862 1762 supervacaneus
908 1685 1057 1764 Equidem
1090 1687 1293 1746 necessarium
1321 1704 1389 1746 eum

213 1795 292 1868 puto.
339 1789 514 1851 Continetur
536 1791 617 1850 enim
638 1791 777 1852 versibus
795 1795 946 1854 909-11
971 1809 1074 1852 rerum
1095 1793 1226 1870 ipsarum
1249 1793 1393 1872 condicio,

213 1897 295 1957 unde
329 1898 401 1975 qnid
434 1897 591 1974 colligatur
621 1898 758 1958 versibus
782 1902 913 1961 ele—7
948 1899 1013 1962 init.
1037 1900 1201 1978 exponitur.
1248 1899 1308 1960 Sed
1336 1899 1391 1958 1190

213 2004 364 2064 voluntate
380 2003 548 2094 ’1119010911
571 2005 748 2066 commoveri
770 2010 822 2065 aut
835 2023 960 2066 necesse
983 2023 1051 2066 esse
1066 2007 1245 2066 commoveri
1259 2006 1390 2066 nondum

213 2111 358 2188 legimus:
381 2112 418 2172 de
441 2113 497 2173 hoc
519 2113 584 2191 ipso
606 2114 736 2174 officio
758 2132 849 2174 versu
866 2119 930 2176 914
953 2119 1090 2176 monetur
1112 2133 1170 2196 per
1182 2115 1391 2194 imperativum
1470 2113 1474 2120 ’

214 2214 333 2279 σκόπει.
356 2218 471 2280 Versus
494 2225 595 2280 autem
620 2222 708 2282 9171
732 2225 752 2283 8
776 2221 848 2299 quid
871 2239 911 2282 ex
924 2222 1061 2282 versibus
1085 2222 1286 2300 superioribus
1309 2223 1392 2282 colli-

212 2329 301 2403 gatur
321 2327 462 2386 indicant.

304 2433 433 2494 Menelai
456 2435 549 2494 019110
570 2435 681 2513 pariter
708 2440 797 2513 atque
820 2435 970 2516 Helenae,
998 2436 1037 2496 de
1065 2436 1161 2496 officio
1184 2436 1339 2496 Theonoae
1363 2441 1393 2496 et

216 2545 295 2600 sorte
309 2540 442 2602 Helenae
464 2560 566 2618 agene,
589 2544 725 2620 bipertita
740 2547 795 2602 est.
841 2541 899 2616 Qui
912 2543 1044 2621 primum
1066 2543 1139 2603 item
1160 2543 1290 2603 officium
1309 2543 1393 2604 illius

216 2644 270 2705 sed
292 2647 402 2709 maiore
425 2665 496 2708 oum
509 2649 541 2708 vi
563 2654 595 2710 et
616 2649 713 2710 calore
735 2651 871 2727 proponit
893 2650 1084 2728 cucurritque
1106 2650 1144 2708 ad
1155 2649 1322 2730 Plutonem,
1344 2651 1394 2710 oui

215 2757 258 2814 tot
280 2754 419 2814 caedibus
456 2775 509 2834 pro
531 2757 732 2834 recuperanda
763 2755 879 2817 Helena
912 2757 1088 2835 perpetratis
1122 2757 1302 2817 satisfecisse
1337 2737 1394 2816 sibi

216 2861 359 2938 videatur,
382 2861 490 2923 deinde
512 2864 604 2940 illam,
629 2864 656 2923 si
670 2865 793 2924 fratrem
807 2864 947 2924 adiuvare
963 2863 1099 2942 voluerit,
1120 2864 1198 2922 nihil
1221 2865 1394 2940 effecturum

216 2986 285 3029 esse
307 2969 497 3030 demonstrat.
543 2969 648 3048 Neque
670 2970 742 3030 huic
764 2970 889 3030 orationi
910 2970 1154 3048 interpolationes
1185 2971 1256 3029 satis
1278 2969 1393 3049 amplae

214 3077 332 3137 desunt.
378 3076 600 3138 Herwerdenus
634 3096 662 3154 p.
688 3078 1036 3139 1081-91111954-8
1072 3076 1184 3136 delevit
1217 3076 1323 3136 liturae
1346 3095 1394 3136 ra-

216 3183 313 3243 tiones
335 3187 368 3241 ut
391 3183 468 3243 solet
488 3201 551 3243 non
571 3180 732 3260 professus.
779 3181 861 3256 Quae
884 3202 953 3243 oum
975 3184 1032 3243 hoo
1054 3184 1118 3243 loco
1139 3183 1260 3261 penitus
1283 3184 1395 3243 lateant

215 3307 313 3367 neque
336 3290 423 3350 facile
438 3290 664 3370 conspiciantur,
686 3291 751 3368 ipse
766 3308 819 3350 cur
834 3290 951 3350 deleam
965 3290 1136 3368 explanabo.
1175 3289 1305 3350 Versum
1330 3293 1392 3351 951

215 3396 368 3458 Nauckius
391 3397 501 3475 optimo
523 3399 590 3486 iure
614 3397 811 3461 damnaverat.
856 3395 934 3457 Nam
963 3415 1002 3458 ex
1024 3397 1102 3458 Med.
1126 3401 1190 3458 446
1214 3397 1302 3456 fiuxit
1324 3414 1395 3474 pau-

216 3505 312 3564 lulum
334 3509 474 3581 mutatus,
497 3505 564 3565 Hel
587 3507 660 3581 looo,
684 3505 711 3564 si
733 3505 921 3566 enuntiatum
943 3505 1144 3565 condicionale
1160 3505 1312 3583 respicias,
1335 3523 1396 3564 non

216 3613 301 3672 modo
316 3612 432 3672 inutilis
448 3613 606 3674 sedetiam
621 3613 767 3673 9191111119
783 3617 838 3673 est.
872 3611 988 3673 Versus
1014 3615 1143 3674 954-8
1167 3613 1258 3672 verba
1279 3617 1396 3672 tantum

215 3721 303 3780 modo
324 3739 422 3798 neque
446 3721 609 3799 quidquam
631 3722 780 3799 praebent,
804 3719 885 3799 quod
907 3721 991 3780 illam
1007 3725 1130 3780 moveat
1153 3721 1202 3779 An
1216 3720 1249 3778 in
1272 3714 1396 3800 ὀρθῶς

219 3844 258 3888 so.
283 3821 451 3908 ἀπολαβεῖν
475 3828 621 3912 ζητοῦντα
635 3823 691 3910 τὴν
707 3825 848 3912 δάμαρτα
869 3829 998 3906 positum
1014 3831 1061 3888 est
1081 3830 1309 3903 argumentum?
1333 3827 1393 3886 Sed

216 3934 278 3994 tale
299 3935 383 3994 illam
404 3936 506 3997 hercle
528 3955 588 3996 non
610 3941 718 3999 movet.
763 3936 840 3996 Nam
862 3937 947 3996 fratri
968 3935 1067 4014 potius
1090 3953 1180 4014 quam
1203 3937 1265 3995 viro
1288 3935 1393 3994 alieni-

217 4059 312 4118 genae
335 4043 468 4102 consulat
489 4061 614 4104 necesse
637 4048 691 4104 est.
737 4044 852 4104 Deinde
885 4043 963 4121 quod
986 4043 1062 4102 illud
1084 4049 1292 4120 argumentum
1315 4043 1392 4101 intra

217 4151 395 4208 structuram
417 4151 507 4211 totius
529 4150 589 4210 loci
611 4151 789 4212 occidtatum
817 4156 864 4210 est
885 4151 1027 4228 vitupero.
1073 4152 1174 4228 Atque
1204 4169 1258 4209 cur
1280 4155 1393 4210 temere

217 4258 246 4317 ei
268 4257 425 4318 maledicat
448 4257 548 4336 (958),
571 4275 631 4316 non
653 4257 803 4333 intellego.
835 4256 907 4317 Tota
929 4275 999 4318 vero
1022 4257 1163 4336 precandi
1185 4257 1259 4317 ratio
1281 4250 1309 4316 ai
1332 4256 1387 4338 μὲν

217 4362 355 4428 δοκεῖ-
369 4361 497 4440 ἀπόδος·
523 4361 549 4426 εἰ
572 4362 606 4425 δὲ
629 4359 672 4448 μὴ
697 4362 834 4426 δοκεῖ-
847 4360 956 4440 dulia
979 4361 1016 4428 dv
1039 4362 1103 4449 εἴην
1126 4365 1268 4424 dissoluta
1291 4363 1390 4424 ieiuna
