3194 4900
677 291 890 384 ..4⁹22-

194 502 255 562 tale
277 503 393 578 vitium,
416 507 451 562 ut
472 502 639 578 argumenti
652 502 726 576 loco,
750 519 807 579 quo
822 518 871 561 res
887 499 1035 578 quaedam
1049 499 1225 573 efficeretur,
1248 498 1374 558 eandem

193 629 261 674 rem
294 609 449 670 adlriberet
483 610 587 687 ipsam.
632 608 834 670 Histrionibus
872 612 973 668 autem
1003 608 1080 667 hanc
1117 601 1373 684 interpolationem

194 717 303 792 tribuo,
325 717 410 777 ouius
432 715 512 776 color
534 717 621 794 plane
643 715 811 775 rhetoricus
833 715 923 774 caede
945 713 1133 792 potissimum
1154 714 1373 774 ultramodum

196 824 302 883 iactata
332 823 370 882 ad
386 822 613 886 commovendos
636 822 833 899 spectantium
848 821 963 881 animos
979 820 1130 898 quaesitus
1146 838 1213 880 esse
1229 821 1372 882 videatur.

196 929 312 990 Versus
334 936 433 991 antem
451 935 514 992 991
532 947 585 1006 sq,
610 947 789 1006 quamquam
804 928 901 988 colore
925 927 1019 986 simili
1041 932 1120 1000 sunt,
1142 945 1202 986 non
1217 927 1253 986 ab
1269 928 1375 994 eodem

195 1037 405 1116 interpolatore
428 1041 517 1114 atque
539 1053 647 1096 versus
672 1039 826 1098 988—90
854 1039 885 1094 et
907 1029 1037 1096 993—5
1062 1034 1163 1111 scripti
1187 1039 1270 1108 sunt,
1305 1053 1373 1094 nam

193 1163 260 1204 rem
282 1144 330 1204 his
351 1145 487 1216 persibus
509 1147 658 1204 narratam
679 1147 710 1202 et
732 1160 771 1203 ex
785 1142 922 1202 versibus
936 1144 1087 1204 975-87
1112 1145 1261 1219 sumptam
1282 1141 1373 1202 inter-

192 1253 310 1330 cipiunt
331 1249 462 1312 mediam
483 1251 604 1310 aliunde
628 1251 679 1329 (ex
704 1254 766 1312 948
792 1248 869 1327 sqq.)
893 1249 1017 1311 conficti.

286 1375 398 1450 Quibus
421 1395 462 1436 ex
483 1376 615 1455 partibus
637 1375 730 1436 altera
741 1373 895 1436 Theonoae
912 1373 1004 1432 oratio
1020 1376 1142 1448 constet
1166 1391 1224 1450 qua
1239 1371 1372 1432 Helenae

193 1490 226 1545 et
248 1483 378 1544 Menelai
400 1483 539 1561 precibus
561 1482 729 1562 respondet,
751 1481 936 1541 Badhamum
964 1479 1034 1538 audi
1055 1483 1136 1540 recte
1159 1479 1371 1540 disserentem:

197 1589 279 1665 ,Tres
301 1594 438 1650 recenset
461 1590 612 1664 Theonoe,
648 1589 686 1648 ad
709 1607 783 1666 quos
805 1587 938 1648 Helenae
966 1586 1115 1646 restitutio
1138 1587 1300 1663 pertingam
1340 1603 1372 1645 se
1419 1609 1422 1616 ·

194 1697 299 1774 ipsam,
323 1702 450 1774 patrem,
487 1697 617 1756 fratrem.
663 1696 762 1772 Atque
795 1695 852 1754 hoc
874 1695 960 1772 quasi
982 1692 1111 1771 capitulo
1134 1693 1257 1752 orationi
1290 1710 1373 1769 prae-

194 1805 296 1879 misso⁷
319 1805 416 1863 fusius
438 1822 504 1864 rem
527 1803 666 1880 exsequi,
694 1801 798 1862 eodem
821 1801 924 1862 ordine
959 1805 1088 1874 servato,
1121 1799 1225 1876 pergit.
1270 1799 1373 1876 Itaque

195 1930 292 1990 usque
314 1912 352 1972 ad
378 1916 461 1974 1006
488 1912 587 1990 (1007
612 1909 698 1989 11011.)
721 1911 819 1989 dese,
841 1909 950 1969 deinde
973 1907 1010 1968 de
1033 1913 1126 1986 patre,
1147 1912 1212 1966 tum
1233 1908 1270 1966 ab
1288 1911 1371 1968 1017

196 2019 294 2098 (1018
318 2019 404 2096 Nol.)
428 2020 466 2080 de
488 2020 578 2079 fratre
601 2018 740 2096 loquitur.
779 2016 864 2076 Hanc
886 2014 1073 2093 perspicuam
1109 2014 1218 2074 seriem
1240 2013 1374 2072 turbabat

194 2127 330 2203 ineptum
351 2126 428 2186 illud
451 2127 623 2210 φανήσομαι
638 2125 749 2202 (1001)
774 2142 833 2202 quo
855 2123 887 2182 in
910 2118 1076 2206 φανήσεται
1098 2126 1209 2181 mutato
1233 2121 1319 2180 effeci
1340 2125 1374 2180 ut

194 2232 334 2294 ’171οο1100
358 2238 388 2293 01
410 2229 605 2308 ταυτολογὶαν
640 2232 746 2291 ritaret
780 2236 810 2291 et
833 2247 866 2290 se
890 2230 1018 2306 dignam·
1038 2229 1184 2288 rationem
1216 2228 1372 2288 redderet.

190 2339 282 2400 vUnde
304 2341 441 2400 versibus
468 2343 552 2401 1018
576 2343 651 2398 extr.
668 2373 710 2382 —-
729 2343 768 2399 21
794 2356 847 2397 our
870 2337 960 2396 etiam
981 2335 1065 2394 tratri
1093 2335 1231 2395 restituta
1253 2334 1375 2410 coniugi

194 2447 311 2507 Helena
333 2446 486 2506 commodo
521 2463 591 2506 vero
626 2446 665 2504 sit
698 2445 782 2504 illam
805 2461 953 2520 exponere
976 2445 1065 2519 patet.
1110 2441 1190 2517 Ergo
1212 2442 1310 2501 verbis
1335 2436 1376 2515 ὡς

196 2547 248 2614 οὖν
270 2549 404 2634 περαίνω
429 2550 470 2636 μή
488 2550 607 2635 μακράν
624 2552 735 2632 (1017)
757 2569 818 2610 non
840 2549 876 2608 ab
891 2547 1075 2624 argumentis
1098 2547 1135 2606 ad
1156 2547 1271 2608 exitum
1286 2548 1374 2607 totius

196 2661 337 2721 orationis
359 2663 510 2738 finemque
532 2660 683 2734 transitur,
707 2658 761 2718 sed
783 2657 819 2716 ab
842 2657 935 2716 altero
958 2657 1132 2731 argumento
1155 2654 1205 2734 (de
1219 2653 1313 2734 patre)
1337 2655 1374 2714 ad

194 2769 318 2828 tertium
349 2768 439 2846 idque
462 2772 647 2846 postremum
681 2766 729 2846 (de
751 2763 867 2840 batre):
907 2780 1023 2823 summa
1056 2746 1139 2821 finito
1171 2761 1296 2822 demum
1317 2762 1373 2822 hoc

194 2877 283 2936 tertio
305 2877 439 2936 membro
461 2876 598 2936 versibus
624 2878 719 2936 1022.
745 2877 763 2934 3
787 2873 948 2931 indicatur:

433 2995 518 3062 absol
542 3001 597 3084 μὲν
622 2993 675 3062 οὖν
697 2992 749 3060 τιν’
779 2994 882 3068 ἔξοδόν
905 2993 936 3075 γ’
961 2989 1121 3078 013ρὶ011010,

434 3103 492 3186 ἐγὼ
517 3101 550 3168 δ’
576 3099 724 3170 ἀπσστᾱσ’
750 3101 889 3167 ἐκποδὼν
913 3099 1081 3190 σιγήσομαι.

195 3233 281 3294 Hanc
302 3235 399 3312 ipsam
422 3253 569 3294 summam
593 3233 703 3314 (1023)
725 3253 753 3292 v.
772 3235 923 3295 rora-8
949 3233 1109 3314 σιγήσομαι
1135 3223 1228 3313 11μο0
1244 3225 1373 3289 καθικε-

195 3334 314 3402 reboar’
339 3343 440 3419 inepte
463 3348 593 3419 occupat.
639 3341 708 3400 Huc
730 3339 859 3413 accedit,
899 3338 977 3414 quod
1011 3338 1089 3397 intra
1111 3336 1259 3396 tantulum
1287 3334 1374 3412 spatii

194 3448 256 3508 duo
278 3466 383 3508 versus
405 3449 438 3506 in
459 3448 540 3508 idem
562 3448 736 3508 vocabulum
758 3447 919 3530 σιγήσομαι
941 3450 1060 3504 exeunt.
1088 3439 1375 3521 1011100111Εωίρὶ-

194 3554 265 3614 dem
287 3556 360 3616 haec
382 3560 497 3615 1011111111
521 3556 676 3633 scripsisse
697 3553 840 3613 arbitror:

244 3684 340 3759 1017,
362 3684 382 3741 8
407 3673 451 3750 ὡς
473 3672 526 3742 obv
550 3679 681 3760 περαίνω
706 3678 747 3762 aq
772 3673 900 3760 μακράν,
924 3671 959 3737 ob
983 3676 1046 3756 (pro
1069 3668 1151 3754 atat)
1175 3668 1275 3758 μωρία
1306 3667 1373 3740 asle

197 3804 281 3880 Quod
305 3805 495 3865 enuntiatum
528 3808 614 3883 poeta
648 3821 717 3863 curn
743 3806 828 3864 1020
852 3819 895 3880 sq.
929 3805 991 3860 tam
1024 3804 1086 3860 arte
1111 3799 1230 3876 (leviter
1258 3801 1374 3856 tantum

196 3917 263 3990 post
284 3928 406 3970 versum
423 3915 507 3973 1019
524 3909 721 3989 interpunoto)
744 3927 794 3970 me
816 3907 915 3967 iudice
930 3907 1069 3983 coniungi
1082 3905 1223 3978 voluerat,
1246 3907 1280 3962 ut
1295 3918 1374 3978 ‚cum

196 4019 280 4080 fratri
315 4019 405 4079 stulto
438 4037 499 4079 non
525 4020 685 4096 obsequor,
719 4015 870 4077 commodo
904 4016 970 4075 eius
1002 4014 1106 4074 semio‘
1139 4011 1374 4104 intellegerem,

196 4128 294 4189 Huius
316 4127 408 4203 igitur
422 4126 503 4188 tertii
525 4126 692 4202 argumenti
713 4142 782 4202 pars
797 4122 972 4200 gravissima
986 4138 1076 4182 versu
1099 4124 1185 4182 1020
1202 4114 1373 4198 (εὔεργετῶ)

197 4237 373 4296 continetur.
396 4235 546 4294 Falsarius
569 4239 669 4294 autem
692 4251 763 4294 cum
785 4234 818 4292 in
833 4231 969 4293 versibus
997 4230 1172 4292 1018b-—9
1196 4228 1287 4286 totius
1311 4243 1373 4285 ora-

194 4345 286 4405 tionis
309 4361 457 4404 summam
480 4342 616 4402 invenire
640 4342 697 4401 sibi
718 4339 813 4415 visus,
848 4358 906 4418 qua
929 4357 962 4399 re
986 4338 1121 4430 Theonoa
1145 4336 1213 4395 illos
1235 4333 1373 4394 adiutura
