3194 4900
789 278 832 335 30

222 487 343 564 egregia
374 487 604 564 argumentatio,
650 507 710 567 qua
754 507 771 548 a
808 488 941 548 necando
977 487 1031 547 illa
1063 487 1254 548 deterreatur.
1302 485 1402 562 Quare

222 592 379 654 Schmidtii
401 593 568 656 oonieotura
591 590 765 664 δυσκλεεῖς
792 593 849 674 γὰρ
873 589 909 654 ob
931 597 1099 664 κτενεῖςου
1121 593 1318 654 Herwerdeni
1342 591 1399 655 δυ-

222 695 323 760 σκλεᾶ
346 697 550 778 (mnemosyne
572 700 617 760 IV
638 722 666 780 p.
692 699 768 779 381)
791 701 959 762 reiciendae
983 705 1061 760 sunt.
1096 700 1212 762 Deinde
1235 700 1323 779 quod,
1346 701 1401 778 qui

221 805 395 866 adverbium
416 807 506 866 verbo
533 808 628 867 aotivo
654 815 771 878 κτενεῖς
804 809 978 868 adiunctum
1005 807 1043 866 ad
1070 812 1209 883 agentem
1242 826 1403 886 personam

222 912 412 972 referendum
444 929 512 972 esse
545 917 627 974 reote
661 914 825 990 intellexit,
863 914 1037 975 adverbium
1064 914 1209 974 adieetivo
1244 911 1402 990 δυσκλεεῖς

223 1015 377 1097 (δυσνλεᾱ)
401 1022 585 1078 commutans
608 1023 700 1080 totam
722 1038 787 1081 rem
809 1021 1023 1099 permutavisse
1051 1019 1108 1080 eibi
1134 1019 1267 1095 videtur,
1296 1039 1398 1098 repre·

132 1203 135 1210 ¹
222 1125 335 1186 hendo:
358 1126 400 1184 ita
423 1125 504 1184 enim
525 1125 664 1203 intellegi
686 1127 759 1207 urlt,
783 1128 869 1205 quasi
896 1128 977 1203 legat
1005 1121 1041 1187 ob
1070 1121 1226 1199 δυσκλεεῖς
1253 1123 1401 1187 θανου-

224 1228 343 1314 μεθα,
368 1249 466 1309 qnam=
479 1231 542 1298 vim
563 1231 610 1292 illi
634 1234 785 1294 enuntiato
808 1233 881 1292 satis
903 1234 1016 1292 incerto
1038 1232 1139 1292 inesse
1161 1250 1247 1308 nego.
1279 1232 1402 1293 Etenim

224 1356 299 1416 quae
323 1337 460 1415 exempla
475 1337 500 1416 1)
522 1339 561 1398 ad
584 1339 713 1415 gloriose
735 1339 769 1398 in
791 1339 894 1402 mortis
927 1338 1101 1400 discrimine
1123 1338 1295 1400 interituros
1332 1357 1400 1416 spe-

223 1444 331 1504 ctantia
353 1464 380 1523 p.
407 1448 470 1507 104
492 1447 628 1522 praebet,
658 1446 685 1506 si
714 1446 778 1506 loeo
800 1450 901 1506 nostro
923 1445 961 1506 de
983 1445 1111 1522 gloriosa
1134 1449 1229 1506 morte
1251 1450 1402 1526 ageretur,

223 1570 284 1612 non
305 1558 426 1625 κτενεῖς,
451 1552 504 1612 sed
526 1547 713 1636 θανούμεθα
742 1553 932 1614 scribendum
960 1553 1056 1613 fuisse
1087 1553 1159 1612 satis
1186 1553 1400 1614 demonstmnt

223 1657 327 1736 Itaque
356 1677 425 1718 oum
453 1666 567 1734 κτενεῖς
595 1661 746 1740 legamus,
775 1661 812 1720 de
839 1659 893 1719 illa
920 1647 1050 1736 gloriosa
1078 1663 1173 1719 morte
1195 1659 1318 1736 eogitari
1340 1677 1403 1724 non

224 1771 331 1848 potest
377 1765 413 1825 Id
436 1767 514 1843 quod
536 1772 597 1828 tota
620 1769 676 1828 hae
699 1767 839 1829 orationis
867 1771 950 1845 parte
978 1767 1049 1826 inde
1081 1783 1099 1826 a
1126 1784 1218 1826 versu
1243 1770 1305 1829 975
1333 1785 1402 1844 per-

226 1878 348 1932 tractata
370 1873 411 1932 ita
433 1873 620 1934 intellectum
643 1875 826 1954 habebimus
848 1879 882 1935 ut
903 1874 979 1933 nilril
1002 1872 1084 1932 dubii
1106 1873 1308 1952 relinquatur:
1337 1873 1403 1934 Me-

228 1981 344 2058 nelaus,
366 1979 393 2038 si
415 1997 490 2038 uxor
511 1981 571 2058 ipsi
593 1981 744 2058 eripiatur,
767 2000 837 2042 oum
851 1980 1070 2056 Theoelymeno
1092 1979 1316 2058 vitae-periculo
1332 1997 1400 2040 sese

226 2105 293 2148 esse
316 2088 533 2147 decertaturum
556 2092 616 2167 aut,
640 2088 666 2146 si
688 2088 740 2148 ille
763 2071 914 2148 oeoasione
937 2085 1107 2148 decertandi
1129 2105 1189 2146 non
1211 2087 1278 2146 data
1302 2086 1402 2164 sepul-

225 2212 276 2254 oro
299 2194 384 2272 quasi
405 2193 490 2268 asylo
512 2197 606 2253 tectos
629 2193 708 2253 fame
731 2211 856 2254 enecare
878 2193 1019 2269 voluerit,
1052 2198 1230 2253 uxoremst
1253 2210 1286 2253 se
1308 2193 1402 2252 inter-

225 2302 372 2362 fecturum
394 2300 539 2375 minatur,
566 2318 693 2377 quarum
715 2302 863 2360 minarum
884 2304 999 2378 partem
1021 2299 1240 2375 gravissimam,
1270 2317 1328 2377 qua
1350 2317 1402 2376 po-

225 2408 375 2468 tissimum
397 2406 565 2467 Theonoam
588 2407 626 2467 ad
651 2407 778 2468 salutem
799 2408 873 2486 ipsis
896 2406 1049 2467 ferendam
1063 2406 1244 2466 adducturus
1261 2406 1309 2485 sit,
1332 2405 1403 2483 quis

227 2519 273 2575 est
295 2514 368 2591 quin
389 2513 489 2574 videat
511 2530 579 2574 esse
603 2513 636 2572 in
658 2514 707 2572 his
728 2515 842 2575 verbis:

273 2623 403 2683 ass—7
915 2615 1108 2701 κεισόμεσθα
1130 2616 1165 2679 δὲ

485 2727 582 2808 νεκρὼ
607 2719 656 2786 δυ’
681 2721 753 2812 ἑξῆς
774 2720 847 2810 τῷδ’
873 2709 923 2788 eoi
945 2724 1039 2807 ξεστῷ
1063 2722 1149 2810 τάφῳ

491 2828 648 2896 ἀθάνατον
671 2828 764 2911 ἄλγος
787 2835 844 2909 σοί,
867 2831 960 2915 ψόγος
983 2831 1016 2894 δὲ
1040 2841 1084 2913 σῷ
1108 2826 1204 2910 πατρί.
1227 2832 1242 2890 l

228 2941 343 3002 Versus
366 2945 466 3001 autem
494 2942 688 3021 insequentes
712 2943 901 3024 (988-90)
929 2944 1004 3004 nihil
1031 2944 1149 3004 omnino
1177 2941 1248 3002 novi
1275 2943 1403 3002 afferunt

229 3049 267 3108 ad
289 3048 530 3110 oommovendam
552 3049 643 3126 illam,
668 3051 721 3111 sed
744 3050 890 3111 moriendi
912 3050 1069 3112 eonsilium
1091 3050 1228 3109 versibus
1253 3052 1316 3110 982
1334 3065 1402 3126 sqq.

229 3155 437 3216 denuntiatum
463 3161 609 3234 repetimt.
657 3155 767 3232 Quodsi
797 3158 934 3219 versibus
959 3162 1025 3222 991
1039 3176 1082 3235 sq.
1111 3156 1220 3217 deletis
1248 3155 1281 3215 in
1310 3172 1403 3216 versu

231 3266 294 3326 993
317 3281 371 3342 pro
392 3261 467 3322 falso
495 3255 531 3322 od
560 3264 768 3342 scripserimus
797 3263 851 3341 ,ob‘
868 3263 892 3344 2)
916 3298 958 3310 -
981 3264 1121 3342 equidem
1144 3263 1188 3323 sio
1210 3261 1323 3324 oonioio
1346 3295 1400 3334 -,

229 3370 449 3430 oonolusionem
477 3369 665 3446 habebimus,
692 3376 726 3431 ut
754 3375 880 3449 oportet,
908 3389 948 3432 ex
969 3371 1026 3430 heo
1047 3367 1236 3449 (988-90)
1260 3367 1403 3429 orationis

228 3481 321 3556 parte,
342 3494 403 3536 non
424 3474 545 3535 aliunde
566 3477 702 3553 petitam:
739 3478 896 3553 interfice,
924 3477 948 3538 si
973 3477 1028 3538 tibi
1055 3476 1166 3556 placet:
1202 3474 1401 3552 ignominiose

230 3583 312 3642 enim
333 3588 367 3642 tu
388 3582 549 3642 interficies
572 3580 764 3660 (ignominiae
788 3585 870 3645 enim
892 3584 999 3646 enodes
1011 3585 1069 3645 erit
1082 3582 1164 3662 tibilz
1188 3583 1286 3661 potius
1302 3587 1401 3642 tamen

229 3689 305 3750 meis
327 3690 496 3768 obtempera
517 3690 626 3766 verbis,
649 3694 684 3750 ut
705 3691 748 3750 sis
770 3690 850 3750 iusta
872 3696 903 3752 et
925 3709 1050 3751 uxorem
1073 3708 1128 3767 ego
1142 3687 1300 3768 accipiam‘.
1330 3687 1404 3748 Pre-

230 3796 321 3855 mitur
343 3794 423 3856 enim
445 3794 478 3854 in
499 3796 593 3858 altera
615 3814 722 3857 sersus
746 3800 809 3860 993
832 3801 916 3875 parte
932 3793 1088 3866 δυσκλεῶς
1109 3796 1248 3873 maxime,
1273 3793 1404 3856 seeundo
1479 3877 1482 3882 1

305 4003 327 4074 ¹)
347 4002 391 4060 Or.
411 4003 472 4074 786,
499 4003 563 4061 Her.
591 4005 653 4075 534,
681 4005 740 4062 Alo.
761 4006 825 4074 150,
845 4005 914 4074 725,
944 4005 1020 4075 cycl.
1038 4006 1100 4074 201,
1127 4005 1226 4060 Aesoh.
1245 4003 1296 4072 lg.
1317 4001 1394 4058 1303.

231 4094 308 4150 Addo
336 4093 367 4148 in
384 4109 470 4148 meam
488 4095 590 4162 partem
609 4093 668 4150 Alo.
697 4094 758 4164 292,
788 4094 849 4164 938,
877 4094 960 4164 Hipp.
979 4094 1031 4149 687
1051 4110 1100 4165 ευ,
1129 4093 1208 4164 1028,
1227 4091 1320 4166 (Rhes.
1339 4091 1402 4162 752,

233 4183 293 4253 758,
312 4180 384 4252 761),
402 4181 459 4238 Tro.
479 4181 531 4236 401
552 4199 592 4253 sq.

303 4272 560 4342 quorsumnam
579 4268 624 4329 οὖν
651 4289 699 4344 pro
718 4274 747 4329 ob
766 4275 889 4344 son'psit,
916 4277 1018 4330 reolum
1041 4273 1202 4329 emendandi
1229 4273 1304 4328 viam
1331 4273 1404 4328 certe

231 4363 371 4433 ingressus
390 4393 424 4403 —
443 4362 473 4418 ot
492 4363 565 4418 enim
582 4362 732 4418 tollendum
751 4379 810 4419 esse
829 4364 967 4433 perspexit
986 4393 1020 4404 —
1044 4364 1078 4418 ad
1095 4363 1178 4418 finem
1196 4379 1250 4417 non
1268 4360 1400 4431 pervenit
